3038 5010
654 490 877 556 ,34-

174 674 379 747 argumenta
411 662 746 750 Aristophanearum
780 664 970 733 fabularum
984 669 1008 751 ¹)
1040 680 1072 734 et
1108 682 1350 751 argumentum

175 767 369 855 Oedipodis
395 767 503 856 Regis
536 770 663 837 habent
694 770 777 838 tituli
802 773 880 839 loco
900 776 1128 862 Ἀριστοφάνους
1153 797 1280 842 nomen
1306 776 1352 843 in-

171 874 337 963 scriptum
374 877 483 942 verbo
520 887 719 966 ρραμματικοῠ
756 880 927 947 nonnullis
964 882 1133 968 apposito
1196 882 1282 950 Pluti
1319 896 1352 951 et

173 981 349 1049 Ranarum
369 1000 574 1070 argumenta
592 985 623 1051 in
651 986 767 1053 codice
784 986 815 1052 R
833 986 1077 1070 inscribuntur,
1102 1002 1138 1055 ut
1152 991 1347 1080 exemplum

173 1089 335 1156 afferam:
356 1093 583 1179 Ἀριστοφάνους
608 1094 747 1168 ὑπόθεσις
771 1094 963 1178 Πλούτοο9);
996 1096 1274 1164 Acharnensium
1301 1120 1349 1164 ar·

175 1210 398 1280 gumentum:
424 1200 820 1288 οτοθεοιςἈριοτοροὶνοος;
847 1200 1021 1268 Ranarum
1048 1216 1081 1268 et
1095 1202 1290 1291 Vesparum
1314 1204 1345 1271 in

174 1303 295 1370 codice
320 1304 365 1370 V:
401 1308 540 1382 ὑπόθεσις
565 1309 721 1396 βατράχων
741 1311 987 1398 Ἀριστοφάνους
1023 1309 1129 1398 Vesp.
1155 1311 1187 1377 in
1213 1311 1254 1395 R,
1280 1313 1347 1381 AV.

172 1411 258 1499 Equ.
284 1412 362 1482 Pac.
387 1412 512 1502 Oedip.
537 1413 625 1500 Reg.
651 1430 873 1501 argumenta:
894 1420 1123 1504 Ἀριστοφάνους
1147 1428 1345 1506 γραμματικοῦ

173 1520 313 1593 ὑπόθεσις
338 1523 456 1597 ἱττέιον,
493 1534 527 1586 ιιι
552 1523 746 1609 exemplum
773 1522 926 1590 afferam.
974 1523 1070 1610 Ergo
1096 1536 1225 1590 tantum
1253 1537 1347 1613 quat·

173 1639 253 1693 tuor
285 1641 490 1714 argumenta
523 1627 651 1693 habent
681 1628 765 1694 tituli
789 1630 866 1695 loco
885 1633 1114 1718 Ἀριστοφάνους
1138 1639 1347 1718 γραμματικοῦ.

172 1734 342 1821 Equidem
367 1747 479 1801 autem
514 1735 575 1802 illis
599 1735 682 1802 viris
707 1735 818 1803 doctis
844 1737 1021 1812 assentiar,
1056 1736 1115 1824 qui
1139 1739 1223 1803 haec
1249 1759 1347 1825 argu·

173 1855 287 1909 menta
319 1843 362 1908 ab
395 1841 536 1928 ingenio
567 1842 813 1931 Aristophanis
845 1843 999 1930 Byzantii
1032 1843 1239 1911 alienissima
1268 1864 1348 1911 esse

172 1962 308 2037 putant;
341 1972 418 2015 nam
445 1949 556 2016 ieiuna
581 1950 775 2036 argumenti
801 1950 981 2038 expositio,
1006 1962 1044 2017 ut
1061 1950 1183 2018 Nauck
1209 1949 1264 2031 ait,
1290 1950 1347 2017 vix

173 2055 312 2143 dignam
344 2058 532 2144 praebebat
558 2056 679 2124 studiis
705 2056 949 2145 Aristophanis
974 2056 1126 2145 Byzantii
1153 2057 1348 2146 occupatio·
1430 2044 1434 2050 ¹

173 2186 261 2229 nem.
310 2161 553 2230 Schneidewin
587 2177 700 2230 autem
725 2165 744 2231 l.
771 2186 798 2231 c.
825 2188 856 2253 p.
881 2187 924 2253 35
959 2164 1096 2232 disserit
1131 2166 1174 2231 de
1210 2165 1274 2232 hac
1310 2187 1347 2231 re

172 2272 272 2336 haec:
301 2270 565 2358 „Aristophanis
579 2272 721 2358 elegans
736 2272 891 2338 doctrina
904 2273 1093 2338 verborum
1121 2271 1231 2338 nitore
1256 2293 1347 2339 com-

172 2376 373 2442 mendabilis
395 2399 470 2442 cum
499 2375 637 2462 reliquis
662 2377 834 2456 omnibus,
860 2378 917 2464 qui
943 2377 974 2443 in
1000 2378 1123 2444 eodem
1150 2400 1258 2466 opere
1282 2379 1346 2445 ela·

172 2483 402 2562 boravissent‚
432 2484 536 2569 longe
562 2497 764 2572 praestaret,
795 2484 919 2551 factum
947 2484 1092 2576 videtur,
1130 2498 1168 2551 ut
1190 2486 1232 2551 ad
1259 2484 1345 2574 prin-

172 2591 281 2679 cipem
315 2600 374 2654 τῶν
406 2593 662 2680 ὑτοθεοιορράροιν
694 2593 749 2659 vel
782 2615 822 2658 ea
855 2592 1077 2675 referrentur,
1110 2614 1198 2680 quae
1222 2593 1265 2659 ab
1289 2591 1345 2658 illo

172 2710 288 2765 essent
306 2697 520 2765 alienissima.
569 2698 655 2765 Nam
675 2698 737 2765 nisi
759 2699 835 2786 quis
860 2698 904 2783 id,
930 2699 1024 2785 quod
1050 2705 1119 2764 n'on
1144 2697 1345 2765 incredibile

173 2819 235 2886 est,
261 2805 339 2872 lorti
365 2804 529 2892 casuique
555 2806 690 2886 tribuet,
722 2817 758 2872 ut
782 2805 1026 2895 Aristophanis
1052 2827 1177 2871 nomen
1203 2827 1270 2872 non
1296 2827 1345 2871 ar·

173 2914 345 2999 gumentis
371 2918 519 3001 ἀμέτροις,
558 2913 683 3002 quibus
708 2914 861 2991 deberet,
891 2913 953 2979 sed
979 2922 1044 2986 τοῖς
1069 2915 1226 3001 ἐμμέτροις
1251 2934 1346 3000 prae·

171 3021 357 3108 figeretur:
391 3021 470 3087 nihil
495 3034 610 3103 restat,
645 3020 707 3087 nisi
733 3034 768 3086 ut
792 3033 983 3087 statuamus
1007 3032 1151 3108 propter
1175 3018 1343 3106 insignem

170 3128 305 3208 famam,
343 3150 444 3216 quam
482 3128 737 3216 Aristophanes
773 3128 836 3195 ista
877 3150 983 3216 opera
1018 3127 1082 3194 sibi
1119 3126 1343 3205 conciliasset,

171 3258 296 3302 nomen
316 3235 389 3302 eius
407 3259 517 3323 paene
543 3240 656 3300 θετικον
680 3261 707 3299 τι
732 3236 762 3302 in
789 3235 1042 3324 hypothesibus
1067 3234 1178 3302 omnis
1204 3232 1344 3320 generis

170 3342 356 3410 evasisse.“
406 3342 570 3408 Fortasse
591 3365 647 3409 res
665 3343 709 3408 ita
731 3343 905 3429 explanari
924 3354 1049 3429 potest,
1075 3341 1192 3408 utiam
1211 3340 1344 3409 Groebl

170 3451 257 3529 lecit,
283 3462 318 3516 ut
342 3450 559 3537 suspicemur
583 3450 721 3516 nomine
735 3449 982 3537 Aristophanis
1007 3448 1038 3515 in
1065 3447 1344 3537 inscriptionibus

170 3560 248 3626 olim
275 3558 416 3624 indicari
441 3570 577 3645 poetam
604 3572 637 3625 et
662 3560 725 3624 hac
748 3557 969 3644 inscriptione
996 3557 1079 3624 salso
1105 3558 1192 3623 lecta
1217 3578 1342 3622 nomen

169 3666 414 3754 Aristophanis
438 3665 652 3752 grammatici
670 3664 848 3750 Byzantini
865 3664 897 3729 in
917 3666 1001 3730 haec
1019 3676 1224 3750 argumenta
1240 3662 1344 3751 irrep·

168 3775 266 3857 sisse,
295 3774 496 3863 praesertim
534 3796 609 3839 cum
648 3796 717 3838 vox
748 3781 946 3860 ρροιμμοτικοῦ
974 3771 1006 3837 in
1040 3770 1214 3858 plerisque
1244 3791 1344 3856 argu·

169 3883 293 3949 mentis
331 3906 397 3948 non
436 3880 592 3969 apposita
628 3879 680 3946 sit.
734 3878 899 3945 Conferte
936 3900 1067 3964 quaeso
1102 3875 1343 3964 inscriptiones

171 3990 344 4056 Ranarum
376 4004 408 4056 et
424 3988 633 4077 Vesparum
659 4008 746 4073 quas
769 3986 799 4052 in
819 3985 938 4051 codice
953 3984 984 4050 R
1001 3984 1148 4071 scriptas
1173 3982 1343 4065 videmus,

261 4208 278 4271 ¹)
300 4207 372 4259 Ach.
393 4205 465 4275 Equ.
486 4204 575 4274 Vesp.
595 4204 662 4257 Pac.
684 4203 740 4256 Au.
761 4202 835 4255 Rari.
855 4201 930 4255 Eccl.
950 4201 1024 4254 Plut.
1327 4268 1343 4283 ἱ

258 4332 282 4398 ²)
303 4331 512 4402 Inscriptiones
535 4331 563 4383 in
584 4328 732 4383 codicibus
753 4329 927 4399 plerumque
947 4333 1014 4379 sunt
1033 4334 1151 4379 notatae
1171 4332 1203 4378 ut
1219 4287 1236 4376 l
1255 4289 1342 4395 fiatpit.
