3038 5010
178 377 218 441 32
571 361 662 435 John
686 361 853 424 Williams
876 360 980 424 erz'ta

175 552 296 627 appeals
314 563 345 610 to
361 551 469 610 Marius
484 549 664 609 Victorinus²
684 570 716 608 as
738 552 946 625 grammarians
967 551 1033 609 who
1055 549 1209 626 possessed
1232 550 1284 609 the
1305 560 1372 610 true

175 651 309 710 doctrine
325 670 363 709 on
380 652 436 709 this
451 652 612 726 important
626 659 741 721 matter,
756 650 816 708 and
832 651 901 707 with
915 650 1034 726 varying
1054 651 1198 710 cleamess
1212 650 1245 708 of
1264 667 1370 725 appre-

176 751 299 809 hension
314 750 457 826 regarded
472 751 522 808 the
538 751 654 825 rhythm
669 749 701 807 of
715 751 798 808 these
812 758 920 807 metres
939 769 971 808 as
992 749 1130 826 dactylic.
1172 750 1269 808 These
1286 750 1371 807 three

178 851 264 909 Latin
292 831 458 908 metricians
485 850 521 908 all
553 849 694 907 maintain
724 849 772 907 the
801 848 937 907 doctrine
965 850 997 907 of
1025 849 1075 907 the
1105 857 1198 906 metra
1225 849 1371 908 daubata.

177 951 287 1008 Marius
311 951 487 1019 Victorinus,
514 959 545 1007 to
570 950 607 1007 be
633 968 707 1019 sure,
732 949 763 1006 in
788 967 846 1006 one
871 958 937 1022 part
962 949 994 1006 of
1023 949 1073 1007 the
1101 928 1265 1024 composite
1289 950 1372 1009 work

176 1049 310 1109 ascribed
325 1060 356 1108 to
370 1050 441 1121 him,
455 1060 575 1123 accepts
592 1049 642 1106 the
664 1049 732 1105 nine
747 1059 921 1123 prototypes
935 1049 1030 1105 which
1044 1067 1155 1123 appear
1169 1050 1198 1107 in
1215 1051 1373 1126 Hephaes-

177 1151 239 1208 tion
261 1149 321 1208 and
340 1167 452 1224 argues,
476 1149 497 1206 it
519 1148 622 1206 should
645 1148 683 1205 be
705 1147 807 1218 noted,
831 1148 880 1205 the
903 1148 1004 1206 claims
1025 1149 1057 1206 of
1080 1150 1250 1224 antispastic
1275 1163 1373 1211 mette

177 1250 247 1308 with
268 1249 377 1324 special
397 1250 487 1323 vigor,
503 1248 556 1305 but
579 1247 734 1305 elsewhere
756 1247 793 1305 he
815 1248 926 1305 follows
942 1248 992 1305 the
1009 1247 1078 1305 rival
1096 1258 1214 1324 system.
1258 1252 1334 1309 Now
1347 1251 1372 1309 it

177 1350 310 1425 happens
333 1330 396 1407 that
419 1350 468 1405 the
491 1348 714 1416 Pherecratean,
730 1347 752 1403 if
773 1365 831 1404 one
853 1346 1018 1422 disregards
1040 1348 1091 1406 the
1111 1349 1253 1408 variation
1267 1350 1300 1408 of
1321 1351 1375 1409 the

178 1450 239 1508 first
259 1457 326 1524 part
340 1449 371 1506 of
392 1448 428 1506 its
451 1448 512 1505 first
533 1449 598 1505 foot
618 1446 677 1504 and
698 1447 794 1504 allows
817 1447 886 1504 here
907 1447 977 1522 only
993 1447 1043 1505 the
1060 1448 1203 1523 spondaic
1218 1450 1304 1522 form,
1319 1450 1373 1508 has

177 1639 242 1688 noch
254 1640 294 1688 bei
305 1640 402 1703 einigen
413 1637 611 1686 Grammatilrem
623 1636 709 1693 durch,
720 1637 766 1684 wie
775 1637 815 1685 bei
824 1636 967 1695 Diomedes,
978 1653 1004 1700 p.
1016 1636 1074 1701 508,
1084 1639 1135 1686 und
1144 1639 1241 1698 Bassus,
1251 1656 1278 1704 p.
1289 1641 1374 1704 263.”

177 1723 313 1771 Diomedes
323 1723 350 1770 in
361 1722 404 1769 the
415 1722 484 1786 place
497 1721 561 1768 cited
571 1721 592 1768 is
604 1720 703 1784 writing
719 1720 748 1766 de
761 1735 879 1766 versuum
893 1720 1027 1781 generibus
1038 1721 1087 1768 and
1099 1736 1154 1784 says
1170 1722 1242 1786 (Keil
1253 1723 1275 1780 Ι,
1290 1722 1370 1786 508):

179 1807 246 1854 “De
257 1805 436 1853 choriambico:
455 1803 641 1853 Choriambicus
652 1811 688 1850 est
700 1802 742 1865 qui
760 1808 853 1850 constat
870 1801 1012 1852 choriambo
1030 1803 1104 1867 pede,
1116 1804 1160 1867 qui
1171 1812 1209 1854 est
1221 1820 1250 1853 ex
1260 1805 1337 1870 longa
1347 1814 1374 1854 et

177 1889 273 1937 duabus
284 1888 397 1938 brevibus
408 1894 432 1934 et
444 1886 526 1952 longa.
563 1886 635 1934 huius
645 1886 785 1949 exemplum
797 1892 835 1932 est

442 2010 500 2058 ergo
513 1994 571 2042 ades
583 1993 632 2041 huc
643 1993 764 2042 ambrosia
776 1993 806 2040 de
820 1993 922 2041 Veneris
932 1992 1031 2055 palude.

177 2088 250 2137 estin
263 2087 370 2135 Horatio
382 2087 441 2144 tale,

442 2185 492 2234 hoc
503 2185 565 2233 deos
574 2200 629 2232 vere
641 2184 746 2247 Sybarin
758 2184 817 2247 quid
828 2199 946 2248 properas
958 2185 1075 2234 amando.

176 2297 261 2361 recipit
278 2296 318 2344 hic
333 2296 359 2343 in
376 2296 427 2343 imo
443 2295 483 2342 vel
499 2293 701 2359 palimbacchium
719 2293 818 2358 pedem,
831 2294 875 2356 qui
891 2301 928 2341 est
946 2309 975 2341 ex
991 2294 1060 2342 brevi
1077 2300 1102 2343 et
1119 2295 1214 2346 duabus
1231 2296 1318 2362 longis,
1331 2298 1374 2347 vel

176 2378 381 2445 amphibrachym
402 2378 446 2441 qui
457 2384 493 2425 est
504 2393 533 2425 ex
543 2376 612 2425 brevi
623 2384 647 2424 et
659 2376 733 2439 longa
744 2384 768 2423 et
779 2376 877 2425 brevi.''

218 2464 309 2511 Bassus
325 2461 346 2510 is
362 2460 457 2524 writing
474 2459 502 2507 de
517 2459 625 2506 Philicio
638 2466 715 2505 metro
726 2458 775 2505 and
785 2475 840 2522 says
856 2459 929 2523 (Keil
941 2460 988 2516 Vl,
1002 2460 1050 2523 263
1064 2459 1114 2524 f.):
1136 2464 1154 2490 “
1164 2461 1277 2511 Philicius
1288 2478 1375 2513 versus

177 2562 207 2594 ex
225 2545 317 2610 duplici
334 2544 397 2609 pede
415 2549 521 2599 constat,
540 2557 615 2605 quem
633 2541 767 2589 bacchicon
785 2541 879 2599 musici,
900 2541 1081 2591 choriambioon
1100 2545 1252 2607 grammatici
1271 2554 1371 2596 vocant.

177 2629 252 2677 habet
263 2629 363 2693 longam
375 2633 400 2675 et
408 2626 468 2674 duas
479 2626 566 2673 breves
578 2631 602 2672 et
613 2625 723 2688 longam,
732 2624 758 2671 id
769 2631 806 2672 est
819 2624 961 2673 trochaeum
973 2632 998 2673 et
1009 2625 1129 2675 iambum.
1150 2662 1156 2676 .
1177 2663 1184 2676 .
1205 2663 1212 2677 .
1231 2630 1374 2694 exemplum
1441 2620 1444 2625 ¹

177 2713 228 2761 eius
240 2712 288 2760 tale
300 2718 346 2768 est,

343 2810 473 2874 frugiferae
483 2823 551 2857 sacra
562 2808 623 2855 deae
635 2823 699 2871 quae
711 2807 788 2856 colitis
799 2808 901 2871 mystica
912 2808 1057 2872 iunctaeque
1070 2810 1123 2859 Iovi
1133 2811 1239 2860 nefasto.

176 2920 244 2969 hunc
260 2919 427 2967 hexametrum
445 2933 475 2965 ex
492 2931 595 2964 numero
611 2915 729 2963 bacchioo
746 2922 883 2980 composuit
895 2915 1010 2974 Philicus,
1023 2932 1074 2980 quo
1087 2933 1146 2967 usus
1156 2924 1181 2967 et
1192 2920 1265 2968 etiam
1277 2920 1374 2971 Arche·

176 3004 257 3060 bulus,
271 3003 301 3051 de
313 3017 363 3065 quo
374 3007 472 3049 auctore
483 3015 559 3065 supra
569 2999 664 3057 rettuli;
686 3000 755 3047 clusit
768 3007 851 3046 autem
862 2999 1032 3048 antibaccheo.
1068 3016 1183 3050 numems
1197 3002 1238 3051 hie
1253 3005 1374 3068 frequens

176 3094 214 3135 est
224 3086 291 3151 apud
307 3085 394 3149 lyricos
407 3090 432 3131 et
449 3083 579 3147 praecipue
590 3082 657 3147 apud
667 3082 797 3139 Alcaeum,
811 3081 922 3146 Sappho,
934 3083 1100 3132 Anacreonta.
1135 3086 1241 3134 nascitur
1252 3093 1335 3136 tamen
1346 3095 1373 3137 et

177 3169 217 3218 hic
227 3170 259 3218 ab
270 3169 358 3225 heroo,
371 3167 439 3216 cuius
452 3166 551 3230 dactylo
564 3166 653 3228 primo,
665 3165 710 3228 qui
720 3172 817 3213 constat
829 3180 860 3212 ex
870 3165 945 3229 longa
956 3171 981 3214 et
992 3166 1088 3215 duabus
1099 3167 1221 3227 brevibus,
1234 3169 1256 3217 si
1265 3170 1377 3222 iunxerit

176 3253 301 3316 sequentis
317 3250 406 3315 dactyli
422 3250 462 3297 uel
478 3249 584 3314 spondei
601 3248 718 3312 syllabam
733 3248 845 3313 primam,
859 3248 933 3296 facies
946 3248 1114 3298 choriambum
1126 3250 1173 3299 hoc
1185 3252 1270 3311 modo,
1284 3257 1376 3303 ‘arma

175 3336 274 3393 virum,’
290 3335 350 3382 etin
361 3333 473 3396 sequenti
484 3348 556 3380 versu
575 3331 709 3380 ‘Italiam’
744 3331 777 3379 ad
789 3346 910 3379 summam
922 3339 1104 3396 pentametrum
1117 3333 1229 3394 heroum,
1242 3336 1284 3400 qui
1296 3336 1375 3387 habet

177 3420 287 3484 dactylos
298 3418 390 3482 primos
402 3417 472 3473 duos,
485 3416 553 3463 velut
565 3414 639 3473 hunc,

442 3524 506 3571 unde
518 3538 588 3572 meus
600 3523 681 3570 veniat
692 3523 771 3571 mollis
781 3523 807 3570 in
818 3538 862 3571 ora
872 3523 941 3580 liber,

177 3636 278 3686 adiectis
289 3635 384 3683 duabus
395 3633 491 3696 syllabis
503 3632 583 3696 longis
596 3631 671 3679 facies
682 3630 873 3679 choriambicum
885 3646 916 3678 ex
929 3631 1005 3680 heroo
1018 3639 1172 3695 pentametro
1182 3634 1226 3694 sic,

442 3740 507 3788 unde
519 3754 587 3787 meus
599 3755 669 3786 nunc
678 3739 761 3786 veniat
773 3739 851 3786 mollis
863 3739 888 3785 in
900 3739 958 3786 haec
968 3755 1011 3788 ora
1022 3740 1091 3798 liber,

177 3818 202 3860 et
443 3873 502 3920 dum
514 3887 583 3920 meus
594 3872 690 3920 assiduo
701 3871 781 3919 luceat
793 3871 849 3934 igne
862 3872 930 3920 focus

177 3959 222 4001 Slc’
443 4006 501 4054 dum
513 4020 583 4052 meus
593 4004 634 4051 hic
645 4004 740 4052 assiduo
751 4004 831 4051 luceat
841 4004 884 4050 hoc
896 4004 953 4068 igne
966 4006 1067 4053 focus.”

211 4118 287 4167 What
298 4116 360 4180 light
368 4117 402 4164 do
413 4115 548 4164 Diomedes
556 4114 606 4161 and
618 4115 708 4162 Bassus
720 4112 777 4161 here
790 4113 869 4161 throw
878 4129 911 4161 on
920 4113 963 4162 the
975 4115 1072 4176 rhythm
1082 4117 1108 4164 of
1120 4116 1270 4168 choriambis
1280 4121 1377 4171 mette?

221 4199 228 4228 ¹
251 4202 367 4263 Chapters
377 4215 410 4246 on
426 4198 504 4246 Greek
514 4199 616 4254 Metric‚
629 4213 672 4261 pp.
687 4207 734 4259 225
747 4197 774 4244 ff.
