3038 5010
697 304 882 404 .„-40„..-„

165 517 303 598 stropha
325 516 378 581 usi
400 524 485 598 sunt,
510 517 707 599 praesertim
731 537 803 583 cum
828 522 1025 598 anapaestos
1049 516 1084 581 in
1104 516 1254 582 trimetro
1272 534 1397 597 ponere

167 622 216 689 eis
238 642 304 688 non
326 622 443 689 liceret
471 628 505 690 et
528 641 599 689 eam
630 626 670 689 ob
703 643 772 689 rem
795 623 1057 706 praepositiones
1080 620 1307 706 pyrrhichium
1339 640 1398 688 ex-

165 730 293 812 plentes
317 732 482 796 commode
506 736 633 796 tantum
655 730 690 796 in
710 731 775 796 fine
792 750 906 797 versus
922 729 1001 811 poni
1016 734 1159 812 possent.
1198 727 1396 813 Aeschylus,

165 843 202 903 ut
225 836 376 918 exempla
399 836 546 920 afferam,
571 838 606 902 in
622 839 866 920 Agamemnone
890 837 1014 920 novies
1038 836 1216 918 Sophocles
1238 835 1275 901 in
1290 834 1398 903 Aiace

166 943 385 1026 duodevicies,
411 945 589 1027 Euripides
612 945 648 1011 in
664 946 780 1011 Medea
804 943 1050 1025 quaterdecies
1072 944 1337 1026 praepositiones
1360 942 1398 1010 in

167 1050 230 1116 fine
252 1069 369 1118 versus
391 1052 511 1133 posuit.

256 1247 308 1312 64.
356 1247 506 1313 Alterum
530 1267 632 1330 genus
656 1254 801 1314 mutatae
826 1246 1002 1329 positionis
1017 1252 1086 1330 est,
1111 1253 1148 1312 ut
1170 1249 1307 1313 verbum
1330 1267 1400 1315 una

167 1373 239 1420 eum
273 1354 567 1426 coniunctionem
600 1354 665 1420 fine
698 1354 934 1421 enuntiationis
966 1360 1123 1437 ponatur,
1159 1372 1243 1435 quae
1278 1356 1321 1421 ab
1357 1374 1398 1423 eo

167 1463 295 1543 pendet.
343 1462 481 1544 Saepius
504 1464 566 1529 hoc
589 1462 628 1528 fit
649 1462 685 1528 in
708 1463 834 1529 usitata
857 1462 1039 1529 elocutione
1068 1454 1135 1528 οἶδ’
1163 1458 1215 1527 ὅτι
1242 1463 1296 1528 vel
1324 1458 1399 1529 ἴσθ’

169 1565 230 1648 ὅτι,
255 1586 352 1649 quam
375 1574 493 1651 poetae
515 1571 657 1636 maxime
681 1570 715 1636 in
739 1570 804 1636 fine
827 1588 949 1652 ponere
973 1571 1224 1662 adamaverunt:

258 1728 355 1811 Vesp.
375 1731 471 1797 1348.
504 1727 573 1796 ἀλλ’
597 1728 655 1796 οὐκ
678 1727 865 1806 ἀποδώσεις
888 1725 958 1797 οὐδ’
982 1728 1141 1816 ἐφιαλεῖς,
1165 1721 1241 1797 οἷδ’
1264 1726 1335 1795 ὅτι.

257 1836 334 1903 Pac.
352 1837 427 1903 365.
459 1835 577 1927 Ἑρμῆς
599 1834 661 1924 γὰρ
685 1834 730 1902 ὢν
753 1835 860 1926 κλὴρφ
883 1833 1036 1925 ποιήσεις
1058 1829 1135 1903 οἶδ’
1159 1832 1229 1903 ὅτι.

258 1944 344 2011 Nub.
363 1945 459 2027 1175,
491 1945 552 2013 Av.
573 1946 668 2027 1408,
700 1946 779 2029 Lys.
798 1946 872 2027 154,
906 1945 946 2009 fr.
966 1945 1059 2025 1522,
1090 1943 1221 2010 Alexio.
1240 1943 1282 2009 ir.
1300 1944 1398 2027 266⁶,

329 2052 365 2118 H
387 2072 419 2134 p.
437 2053 512 2136 395,
536 2054 621 2119 Men.
639 2053 726 2120 Oair.
743 2052 852 2134 mpiu.
872 2052 945 2135 108,
970 2051 1056 2119 Sam.
1076 2052 1148 2118 181.

260 2213 362 2280 Aliud
385 2213 567 2296 exemplum
590 2213 687 2280 huius
711 2213 842 2296 generis
867 2218 931 2279 est:

259 2356 345 2425 Nub.
365 2357 460 2422 1274.
492 2356 592 2444 ληρῶ,
615 2353 656 2421 τὰ
679 2352 819 2444 χρήματ’
841 2352 1022 2440 ἀπολαβεῖν
1046 2350 1081 2419 εἰ
1102 2349 1307 2439 βούλομαι.

262 2552 314 2620 65.
362 2552 467 2635 Saepe
497 2559 632 2634 propter
661 2552 892 2618 necessitatem
922 2549 1092 2617 metricam
1121 2548 1322 2616 adjectivum
1345 2548 1403 2617 vel

171 2660 359 2743 genetivum
404 2658 600 2741 partitivum
645 2660 743 2742 longe
779 2679 799 2724 a
834 2658 964 2725 nomine
1007 2676 1064 2723 suo
1110 2655 1305 2723 distractum
1348 2655 1402 2721 in-

171 2767 337 2835 venimus:

262 2875 344 2956 Equ
372 2873 505 2949 109110.
819 2869 910 2947 τοὺς
933 2867 1133 2960 χρησμοὺς
1154 2865 1238 2951 ταχὺ

385 2978 512 3068 κλέψας
535 2978 640 3065 ἔνεγκε
662 2983 730 3045 τοί
753 2977 1015 3067 Παφλαγόνος
1038 2974 1186 3043 ἔνδοίλεν.

262 3090 345 3170 Equ.
372 3088 519 3161 1209110
548 3092 599 3172 τῷ
623 3084 692 3175 δῆτ’
715 3082 755 3151 ἂν
778 3085 879 3170 ὑμᾶς
901 3081 1106 3173 χρησάμενος
1130 3081 1327 3173 τεκμηρίῳ

387 3192 522 3279 δόξαιμι
545 3194 694 3283 κρίνειν
717 3198 789 3269 τοῖς
811 3198 988 3259 θεαταῖσιν
1013 3194 1144 3279 οοφιῦς,·

262 3302 324 3370 Av.
351 3304 446 3369 1249.
480 3299 605 3389 πέμψω
630 3300 667 3367 δὲ
689 3299 975 3388 πορφυρίωνας
999 3296 1032 3374 ἐς
1054 3294 1111 3364 τὸν
1135 3292 1275 3384 οὐρανὸν

388 3407 496 3499 ὄρνις
520 3406 571 3474 ἐπ’
595 3405 703 3475 αὐτόν.

262 3520 344 3583 Rau.
370 3519 445 3583 854.
477 3514 532 3582 ἵνα
555 3514 600 3604 μὴ
624 3513 826 3604 κεφαλαίῳ
849 3512 905 3579 τὸν
928 3509 1094 3602 κρόταφίν
1118 3534 1178 3578 σον
1202 3508 1350 3600 ῥήματι

262 3625 352 3691 15001.
379 3624 502 3698 110213
690 3675 800 3690 .....
825 3620 1082 3709 βαρυδαίμων
1104 3617 1165 3705 μὲν
1189 3610 1246 3685 οὖν

386 3729 424 3819 w)
447 3729 504 3796 τὸν
527 3730 593 3796 Δία
616 3727 673 3795 τὸν
697 3726 815 3818 σωτῆρ’
839 3724 934 3816 ἀνὴρ
959 3726 1022 3793 καί
1046 3722 1250 3814 δυστυχὴς.

262 3838 392 3904 Alexid.
419 3839 459 3903 fr.
486 3838 588 3921 2408,
613 3838 648 3902 Π
670 3857 701 3919 p.
720 3837 794 3903 385.

385 3944 437 4021 τίς
460 3936 518 4011 οίν
540 3942 727 4032 τοιαύτην
750 3948 833 4019 παῖς
855 3940 938 4025 ἔχων
961 3938 1055 4007 ε”οται
1078 3938 1218 4028 spuicam·

261 4054 398 4120 Philem.
425 4053 466 4118 fr.
493 4053 590 4134 2341,
615 4053 650 4118 ΙΙ
673 4073 704 4134 p.
723 4053 797 4117 537.

385 4157 520 4226 λύουσιν
544 4157 649 4247 ἡμῶν
673 4158 845 4247 συμφοραί
868 4154 936 4232 τὰς
961 4150 1178 4244 συμφοράς.

260 4269 344 4333 Men.
363 4267 405 4332 fr.
431 4267 505 4349 567,
534 4267 586 4331 ΙΙΙ
610 4287 640 4348 p.
660 4268 732 4331 173.
803 4316 889 4332 ....
914 4266 980 4329 ποῦ
1002 4258 1085 4327 ποθ’
1108 4257 1144 4326 αί
1168 4257 1287 4348 φρένες

384 4372 476 4462 ἡμῶν
500 4372 647 4438 ἐκεῖνον
670 4365 754 4461 ἦσαν
778 4371 812 4437 ἐν
835 4375 880 4456 ’τῷ
905 4367 1034 4453 σώματι

384 4486 450 4546 τίν
473 4475 628 4567 χρόνον,
653 4533 660 4546 .
687 4534 693 4546 .
720 4531 727 4545 .
