3038 5010
680 276 889 337 ..56-

725 461 762 526 fr.
787 464 827 525 66

726 559 809 633 ἀλλὰ
832 558 975 651 uocatus

525 665 683 756 ῥαδινοὺς,
707 657 735 734 ὦ
756 664 841 756 φίλε,
865 663 994 757 μηρούς.

522 774 801 842 [oo-]-‚oo-3‚

215 949 429 1013 Desideratur
450 950 483 1012 in
506 948 596 1011 initio
613 951 821 1032 anapaestus,
849 946 963 1010 codem
987 946 1079 1010 modo
1103 965 1165 1030 quo
1188 945 1228 1010 fr.
1251 947 1292 1008 58
1317 944 1351 1007 in

215 1054 279 1118 fine
303 1053 468 1139 spondeus
493 1058 541 1116 est
566 1049 773 1135 supplendus.

301 1269 328 1333 Ε
343 1290 478 1333 numero
491 1269 689 1354 reliquorum
704 1267 880 1352 lyricorum
896 1274 1067 1354 poetarum
1083 1266 1350 1353 Bacchylides
1373 1259 1374 1262 ¹

215 1375 339 1438 ionioos
364 1372 511 1437 adhibuit

722 1457 760 1520 fr.
784 1462 825 1521 42

450 1561 626 1656 Ἆβρόσησι
650 1566 798 1648 ξυνίασιν
811 1561 925 1634 Ἰώνων
947 1569 1111 1657 βασιλῆες.

302 1777 518 1864 Bacchylides
550 1778 583 1840 in
610 1798 748 1843 numero
783 1775 913 1862 quidem
941 1784 1113 1863 poetarum
1146 1778 1352 1843 chorioorum

215 1885 363 1963 habetur,
387 1890 420 1948 at
442 1881 537 1946 valde
561 1881 694 1945 dubium
718 1887 781 1962 cst,
806 1903 882 1945 num
903 1881 962 1946 hoc
978 1883 1196 1967 fragmentum
1213 1883 1351 1947 carmini

218 1985 347 2049 chorico
372 1985 442 2049 iure
466 1984 673 2048 attribuatur.

304 2198 395 2264 Idem
425 2199 566 2284 pertinet
594 2199 635 2262 ad
666 2198 956 2263 Timocreontis
985 2199 1024 2264 fr.
1048 2202 1067 2263 6
1091 2207 1124 2264 et
1145 2201 1349 2269 Praxillae

217 2305 253 2368 fr.
278 2309 313 2386 4,
345 2323 427 2388 quas
459 2303 640 2387 fragmenta
670 2303 748 2367 lioet
777 2304 978 2366 chorioorum
1016 2304 1080 2367 sint
1108 2312 1292 2390 poetarum,
1328 2329 1346 2373 c

218 2408 413 2501 carminibus
437 2406 574 2471 choriois
599 2412 755 2491 excerpta
777 2408 833 2470 vix
857 2427 928 2472 esse
951 2414 1100 2494 possunt:

654 2527 792 2591 Timocr.
816 2528 854 2594 fr.
878 2533 896 2590 6

423 2634 556 2716 Σικελὸς
577 2634 710 2724 κομψὸς
732 2632 812 2727 ἀνὴρ
845 2711 847 2714 ,
888 2684 908 2707 o
920 2685 940 2706 o
953 2700 969 2707 -
981 2698 1010 2720 -,
1027 2685 1048 2707 υ
1059 2683 1080 2708 o
1093 2686 1140 2724 Η,

423 2741 504 2808 ποτὶ
526 2737 587 2808 τὰν
608 2738 718 2831 ματέρ’
745 2739 819 2832 ἔφα.
885 2789 1140 2826 υυυυυυυυυ

119 2868 122 2875 '
219 2867 338 2931 Totum
366 2865 428 2929 hoc
455 2887 584 2930 carmon
605 2867 655 2930 his
691 2866 859 2931 versiculis
885 2869 1096 2953 compositum
1121 2868 1238 2949 fuisse,
1270 2889 1349 2953 quos

218 2963 353 3055 καθαρὰ
376 2964 587 3056 ἑφθημιμερῆ
604 2976 716 3049 vocat,
741 2970 969 3056 Hephaestion
981 2978 1121 3036 testatur
1134 2995 1164 3058 p.
1178 2975 1235 3047 403
1251 2993 1349 3057 quam

221 3076 262 3139 ob
286 3096 354 3139 rem
377 3079 516 3137 metrum
539 3074 815 3139 Timocreontium
839 3082 955 3160 postca
978 3081 1028 3140 cst
1051 3077 1262 3142 nominatum.

659 3195 791 3261 Praxill.
814 3195 852 3260 fr.
876 3201 895 3260 4

335 3288 421 3370 ‘inb
443 3302 545 3370 παντὶ
567 3300 655 3392 λίθῳ
678 3301 847 3391 σκορπίον,
871 3296 1030 3393 ω’ταῖρε,
1055 3301 1230 3394 φυλάσσεο.

220 3515 276 3580 ubi
298 3509 464 3602 φυλάσσεο
487 3537 546 3600 per
570 3516 731 3600 synizesiu
754 3514 958 3600 trisyllabum
981 3516 1025 3581 fit.

308 3733 381 3796 Non
404 3733 498 3797 aliter
520 3731 726 3796 iudicandum
756 3738 807 3796 est
833 3731 872 3796 de
896 3732 1100 3798 Timothei
1123 3732 1354 3818 dithyrambici

223 3836 412 3921 fragmentis
431 3839 543 3918 1214,
568 3857 652 3920 quae
676 3835 865 3900 monodicae
889 3837 982 3921 poesi
1006 3837 1126 3922 lyricas
1148 3834 1352 3901 hauddubie

224 3945 298 4002 sunt
320 3938 504 4003 tribuenda:

731 4025 770 4087 fr.
798 4028 836 4087 12

331 4137 398 4204 otu
419 4130 521 4204 ἀείδω
543 4132 584 4202 τὰ
608 4131 748 4216 παλαιὰ,

326 4237 422 4309 καινὰ
444 4238 504 4329 γὰρ
526 4237 616 4326 μάλα
638 4238 794 4329 κρείσσω·
937 4289 970 4308 -..
984 4285 1192 4325 oooooooo
