3038 5010
195 420 233 480 rc
716 414 805 496 [154]

239 612 302 669 ant.
347 605 395 669 rio
417 603 470 668 ὀῦν
493 602 718 686 τάδ’ὀυχάζετάι
742 631 772 666 τε
798 601 844 667 uolt
867 603 980 668 δέδοικε
1003 610 1119 686 βροτῶν

348 711 422 789 ἕμὸυ
446 707 545 772 κλύων
570 706 690 787 θεσμόν
711 705 763 770 τόν
787 705 1010 790 porpdapuvrov'
1033 711 1065 771 ἐκ
1091 715 1175 772 θεῶν

346 811 481 876 δοθέντα
503 809 614 875 τέλεον·
639 810 686 874 ἔπι
710 809 795 891 debeor
819 810 909 892 ys'puu
931 809 1059 874 παλαιόν
1078 812 1134 876 ου’Ι

348 913 576 995 δᾶτιιιιίασκυριῦ
597 912 643 977 adr
664 940 721 1001 'usp
743 913 907 996 ὑποχθόνα

346 1020 426 1095 τάξιν
449 1019 560 1102 ἔχουσα
583 1017 631 1082 aab
654 1019 792 1102 δυσήλιον
815 1019 935 1104 κνέφασ·

294 1126 387 1190 Haec
402 1125 551 1209 parodus,
568 1146 661 1208 quam
678 1125 844 1188 iambicam
860 1147 929 1190 esse
941 1127 1042 1210 primo
1056 1127 1170 1191 obtutu
1182 1138 1326 1214 apparet,

190 1239 227 1295 ut
250 1232 281 1294 in
304 1231 374 1294 cola
398 1229 616 1307 distribuatur,
641 1250 722 1313 quae
747 1237 853 1292 utrum
877 1251 992 1314 perse
1016 1228 1326 1313 positos‘versiculos

191 1337 352 1402 effecerint
376 1356 416 1397 an
439 1336 471 1396 in
496 1334 675 1418 longiorum
697 1354 847 1397 versuum
871 1356 1004 1418 corpora
1026 1337 1089 1399 sint
1111 1336 1326 1400 contrahenda

190 1441 267 1527 nibil
292 1438 330 1501 ad
354 1458 420 1500 rem
443 1437 550 1517 refert,
574 1442 696 1500 constat
720 1459 761 1500 ex

519 1577 558 1586 -
594 1558 751 1624 tetrapodia
770 1559 848 1609 iamb.
868 1559 951 1609 tertio
969 1559 1038 1626 pede
1057 1564 1210 1625 syncopato

664 1684 677 1797 l,
788 1683 807 1796 ’ξ
881 1683 963 1782 tdrtio
983 1683 1009 1782 dl
1029 1684 1214 1798 quartolpede
1233 1749 1309 1800 sync.

190 1843 303 1960 3-3
328 1901 362 1960 ῡῡ
405 1839 475 1959 300
500 1839 518 1959 3
539 1925 576 1934 -
597 1894 683 1946 tribus
703 1895 863 1961 tetrapodiis
882 1895 1005 1947 iambicis
1025 1913 1077 1947 ncn
1097 1897 1256 1962 syncopatis

189 2015 208 2045 υ
231 2013 263 2020 ””
284 2015 302 2047 υ
321 1968 364 2023 -ι
405 2008 422 2046 υ
441 2011 480 2020 ··
499 2016 517 2046 u
538 2013 576 2020 “·

191 2099 208 2132 υ
227 2100 265 2109 -·
284 2105 302 2133 υ
325 2100 361 2110 -
379 2104 396 2133 υ
416 2099 453 2108 -·
596 2077 717 2141 tripodio
735 2077 872 2128 iambica.'·'
1037 2132 1043 2143 Ι

293 2167 445 2251 Sequitur
469 2166 651 2244 versiculus,
676 2163 800 2246 dequo
825 2163 971 2245 quaestio
996 2171 1044 2228 est

396 2277 449 2333 stt.
479 2271 721 2346 dugorlcrrur'aalor
744 2311 762 2338 o
778 2279 813 2338 ῡῡ
834 2303 868 2311 -
890 2304 907 2336 υ
927 2304 965 2312 -

387 2379 452 2436 ant.
483 2374 587 2453 καίπιιρ
610 2370 669 2434 alud
692 2370 796 2454 χθόνα
820 2410 859 2417 -
877 2380 912 2442 ω
930 2408 970 2416 -
988 2414 1006 2440 o
1024 2409 1075 2453 -,

191 2500 283 2563 quem
309 2478 425 2563 excipit
447 2477 631 2562 hexapodia
652 2477 713 2540 hac
736 2477 839 2540 forma
862 2477 1047 2561 conspicua:

501 2600 1003 2634 -UU-U-U··U-·U-*.

293 2687 478 2750 Versiculos
505 2687 559 2750 ille
590 2686 674 2750 viros
704 2685 815 2750 duatus
845 2685 1046 2748 multifariam
1080 2684 1216 2748 vexavit.
1263 2682 1325 2756 Qui

191 2813 260 2855 cum
284 2797 420 2855 metrum
442 2790 600 2872 explicare
627 2810 691 2852 non
718 2796 858 2874 possent,
885 2797 955 2853 cum
985 2788 1200 2872 antistrophae
1228 2788 1326 2850 verbe

190 2894 268 2959 nibil
302 2894 442 2958 habeant
476 2893 508 2956 in
549 2913 611 2977 quo
649 2893 809 2972 offendas,
838 2913 949 2956 vocem
979 2891 1223 2968 ὁυςοδοπαίπαλα
1256 2911 1326 2954 esse

190 2999 373 3063 mutandam
396 3004 600 3081 putaverunt.
637 2998 745 3081 Atque
761 2997 899 3061 Weilius
923 2997 1050 3082 quidem
1067 3003 1217 3082 quattuor
1232 2996 1325 3058 finxit

190 3103 305 3167 verba:
329 3100 606 3178 dornod'onua'rralo,
623 3103 900 3180 δυςμολοπαίπαλα,
924 3102 1194 3178 δυςκολοπαίπαλα,
1211 3104 1323 3176 durno-

132 3278 133 3281 ,
191 3207 371 3288 ροπαίπαλα,
395 3226 412 3267 e
437 3203 551 3287 quibus
574 3210 770 3288 postremum
794 3205 887 3269 etiam
912 3205 1125 3270 Heimsceth3
1147 3204 1325 3289 proposuit,

191 3331 324 3395 quorum
348 3311 483 3393 primum
500 3308 675 3390 obscurius,
698 3310 827 3372 tertium
843 3309 988 3390 ieiunius,
1011 3316 1158 3394 quartum
1174 3308 1325 3372 remotius

191 3435 261 3477 esse
294 3413 361 3496 ipse
394 3411 564 3475 verborum
596 3411 789 3495 compositor
821 3413 995 3492 intellexit,
1024 3434 1207 3498 proponens
1238 3410 1323 3494 quod

190 3521 337 3601 superest
356 3516 630 3595 ὃυςμολοπαίπαλα.
663 3517 728 3578 Alii
743 3516 882 3583 editores
898 3518 986 3581 velut
1003 3517 1133 3581 Godofr.
1150 3515 1324 3595 Hermann,

190 3618 342 3698 Dindorf,
371 3618 513 3693 Abram,
544 3618 662 3693 Franz,
693 3619 815 3699 Bothe,
846 3620 947 3704 Paley
978 3621 1150 3684 lectionem
1176 3619 1323 3684 traditam

190 3728 406 3802 servaverunt,
428 3721 562 3785 fortasse
587 3721 683 3799 dubii,
715 3722 875 3806 quomodo
899 3724 983 3786 illam
1013 3744 1122 3787 vocem
1154 3728 1322 3786 mutarent.

295 3824 542 3889 Concedendum
568 3834 616 3891 est
645 3847 760 3890 vocem
781 3827 868 3889 illam
899 3827 1072 3893 offensione
1104 3848 1169 3891 non
1199 3846 1323 3905 carere3

190 3928 326 3994 sednon
348 3935 412 3992 tam
433 3930 501 3993 eius
523 3938 658 3994 metrum
681 3930 757 3993 mihi
776 3930 991 3994 difficultatem
1016 3930 1144 3996 videtur
1167 3929 1322 4014 praebere

191 4054 286 4118 quam
308 4033 407 4118 ipsius
430 4034 518 4097 verbi
541 4034 738 4117 compositio.
784 4034 866 4098 Nam
889 4057 961 4099 cum
991 4035 1139 4111 παίπαλος
1166 4034 1322 4118 significet

295 4187 303 4222 ¹
323 4188 491 4240 Exciderunt
511 4191 617 4256 syllaba
636 4191 726 4242 brevis
746 4194 773 4243 et
791 4192 883 4256 longa.

293 4276 303 4308 ²
321 4276 352 4326 In
371 4276 484 4341 stropha
502 4293 551 4342 pro
564 4282 659 4345 λαμπαι
678 4293 737 4328 cum
751 4277 892 4329 Dindorfio
906 4278 973 4351 ldaq
986 4280 1157 4332 scribendum
1173 4294 1233 4329 esse
1247 4281 1322 4344 puto.

294 4361 373 4411 ³Die
393 4362 675 4429 Wiederherstellung
695 4364 742 4415 der
761 4365 879 4416 Dramen
899 4366 946 4416 des
968 4368 1120 4434 Aeschylus
1139 4384 1163 4432 p.
1185 4366 1241 4420 106.
