3038 5010
677 485 877 551 ,9--

188 660 442 750 posterioribus
458 654 674 749 tomp'oribus
687 661 789 728 valde
805 681 885 726 esse
901 659 1097 725 hebetatum
1113 658 1361 724 demonstrant.

192 768 424 836 Wilamowitz
448 769 537 835 enirn
563 790 674 856 nuper
697 767 814 834 docuit
831 768 918 832 hanc
935 787 1059 832 vocem
1073 770 1093 841 ‘I
1111 765 1144 830 in
1160 763 1363 851 fragmentis

192 875 411 942 Menandreis
435 897 503 943 non
529 887 596 942 tam
623 879 789 964 ἀκάθαρτον
813 873 1020 961 significare,
1054 894 1156 959 quarn
1190 871 1361 959 impurum

191 982 375 1064 hominem,
400 983 457 1070 qui
476 1005 543 1048 non
562 982 692 1049 dubitat
710 1003 853 1048 caenum
877 980 987 1068 ipsum
1002 1000 1139 1059 vorare,
1164 991 1200 1045 ut
1218 979 1249 1045 id
1268 977 1362 1065 quod

193 1090 265 1155 vult
281 1101 497 1177 assequatur.
545 1099 734 1176 οκατοράγος
758 1109 864 1155 sensu
889 1088 1051 1154 hebetato
1077 1097 1221 1175 apparet
1244 1086 1277 1152 in
1295 1085 1362 1153 Me

192 1195 311 1261 nandri
335 1195 531 1282 fragmento
546 1197 612 1284 825
625 1195 763 1281 (Koch),
790 1194 885 1282 quod
909 1194 1009 1261 nobis
1034 1194 1173 1260 tradidit
1185 1192 1364 1276 Photius2')

190 1301 279 1369 etin
305 1301 418 1369 fabula
435 1302 658 1383 Menandrea,
684 1324 774 1388 quae
798 1300 994 1369 inscribitur
1019 1299 1136 1369 Samia
1160 1323 1193 1367 v.
1204 1322 1279 1389 205,
1305 1300 1364 1367 ubi

191 1408 355 1496 legimus:

261 1512 262 1515 ¹
319 1517 434 1606 τραχὺς
458 1521 617 1606 ἄνθρωπος
642 1526 830 1605 οκατοφάγος
854 1519 1041 1591 αὐθέκαστος
1065 1524 1108 1604 τῷ
1129 1522 1229 1605 τρόπῳ

191 1641 280 1708 etin
306 1641 570 1710 Circumtonsae
595 1665 626 1710 v,
652 1664 726 1730 475.

279 1754 311 1835 4)
335 1747 490 1816 Teneam
515 1749 710 1837 btupopobvr’,
736 1749 829 1834 qnod
856 1749 1001 1815 verbum
1026 1748 1114 1814 fides
1138 1747 1255 1836 optimi
1277 1747 1365 1815 codi-

192 1856 239 1922 cis
256 1855 286 1921 V
303 1867 419 1923 tuetur
426 1879 434 1937 ;
459 1859 665 1946 καραλογιομγῐ
688 1856 870 1945 διαροροῦντ’
898 1855 1013 1923 verbis
1038 1855 1255 1943 significatur
1277 1878 1311 1928 v.
1324 1856 1365 1923 I.:

193 1962 287 2046 „Der
304 1963 412 2030 durch
432 1963 561 2050 Betrug
579 1965 645 2030 den
664 1965 794 2030 andern
812 1963 984 2043 zerreisst,
1009 1962 1233 2033 zersseischt.‘⁴
1283 1960 1366 2030 Ver·

191 2068 272 2136 bum
304 2073 449 2159 διαρορεῖν
480 2070 707 2159 Aristophani
741 2091 882 2158 quoque
913 2070 946 2136 in
978 2091 1043 2137 usu
1074 2068 1144 2149 fuit,
1177 2069 1217 2140 cs.
1241 2091 1275 2140 V.
1299 2071 1366 2158 338

189 2176 331 2243 Avium.

278 2285 313 2372 5)
338 2287 576 2369 άλλαντοπάνλην
593 2286 710 2358 εὐθέως
734 2294 919 2372 σκατοφάγον
944 2284 1045 2351 codd.
1066 2283 1226 2369 Wagner
1249 2281 1367 2350 scribIt

191 2389 362 2477 positione
377 2393 563 2457 verborum
579 2403 706 2457 mutata
723 2393 960 2477 άλλαντοπώλην
977 2393 1023 2455 καί
1041 2400 1236 2478 σκατοφάγον,
1251 2392 1367 2464 εὐθέως

190 2511 270 2586 post
294 2509 478 2586 σκατοφάγον
502 2497 769 2586 interpungens;
795 2510 898 2577 recte,
924 2497 957 2564 ni
981 2497 1091 2565 fallor.

284 2609 335 2691 to)
361 2604 439 2671 Non
458 2627 537 2672 esse
561 2617 656 2692 putu,
683 2628 744 2672 cur
757 2605 919 2692 Wagner
942 2606 1033 2672 hunc
1048 2627 1188 2673 versum
1216 2619 1365 2672 mutave·

193 2711 234 2778 rit
258 2711 322 2778 sic:

411 2803 655 2887 ἀλλαντοπώλης
678 2801 793 2889 δ’ἔτογε
816 2811 865 2865 νῦν
889 2811 949 2886 τῆς
973 2804 1141 2890 προεδρίας.

280 2924 368 2992 Nam
386 2948 511 2993 versus
528 2926 743 2993 continentes
764 2939 834 2993 tres
859 2925 1054 2992 tribrachos
1079 2925 1262 2993 offensioni
1288 2947 1366 2993 esse

191 3054 258 3098 non
284 3045 441 3120 possunt,
469 3035 561 3119 quod
587 3034 688 3100 etiarn
713 3033 803 3121 apud
819 3032 1090 3120 Aristophanem
1117 3045 1188 3099 tres
1204 3032 1367 3100 tribrachi

190 3160 260 3204 uno
285 3139 316 3204 in
334 3161 440 3206 versu
458 3141 629 3207 coniuncti
647 3141 745 3206 nobis
764 3154 968 3219 occurrunt;
994 3138 1034 3208 cf.
1049 3139 1203 3206 Acharn.
1220 3163 1253 3207 v.
1271 3161 1365 3219 1022,

192 3266 288 3333 1054,
316 3245 421 3335 Vesp.
447 3269 478 3312 v.
508 3248 578 3335 185.

278 3441 384 3508 Adde
402 3453 643 3526 argumentum
656 3441 817 3522 Nubium,
844 3443 939 3528 quod
958 3454 995 3510 ut
1009 3455 1253 3528 argumentum
1270 3440 1367 3528 Lysi·

189 3559 317 3614 stratae
341 3547 374 3614 in
401 3547 579 3615 codicibus
604 3548 699 3614 titulo
720 3551 960 3637 Ἀριστοφάνους
985 3557 1183 3637 γραμματικοῦ
1209 3560 1312 3617 caret.

403 3656 509 3744 Πατὴρ
534 3659 584 3719 τὸν
609 3659 667 3719 οίὸν
691 3661 886 3744 οωκρατίζεκν
911 3657 1063 3742 βούλεται·

403 3765 449 3826 καί
473 3773 532 3848 τῆς
555 3766 618 3852 περὶ
642 3766 730 3827 αὐτὸν
754 3765 955 3851 ψυχρολογίας
978 3765 1109 3851 διατριβὴ

404 3873 496 3957 ἱκανή,
522 3873 619 3955 λόγων
643 3870 669 3935 τ’
695 3876 814 3934 ἀπόνοια
837 3873 914 3958 πρὸς
938 3873 1115 3947 τούναντίον,

402 3980 489 4065 χορὸν
513 3978 544 4041 δὲ
569 3978 714 4066 Νεφελῶν
739 3979 784 4052 ὡς
808 3979 949 4066 §impetn
977 3982 1081 4062 λέγων,

192 4095 400 4102 ——-.—

278 4135 298 4205 ¹)
319 4137 425 4192 Annal.
446 4155 513 4192 nov.
533 4139 608 4193 stud.
630 4146 687 4193 ant.
707 4138 822 4209 llbergii
843 4140 899 4193 vol.
920 4138 989 4192 XXI
1012 4148 1041 4192 et
1059 4137 1141 4192 XXII
1163 4138 1254 4208 (1908)
1274 4154 1302 4207 p.
1323 4137 1367 4206 38.

276 4225 296 4293 ²)
317 4226 392 4281 Vide
412 4227 497 4281 lexici
517 4228 611 4282 Photii
633 4231 763 4299 glossam
782 4246 805 4283 s.
817 4247 844 4285 v.
865 4229 1032 4300 οκατοφάγος“
1053 4225 1194 4299 ἀκάθαρτος
1213 4223 1295 4287 οὕτως
1314 4225 1368 4279 Μέ-

185 4314 301 4386 νανδρος·
321 4313 396 4367 Ἀλλά
416 4317 567 4387 σκατοφάγος
587 4312 638 4369 ἐστὶ
657 4313 695 4369 καί
714 4316 769 4370 λίαν
788 4317 882 4389 πικρός.
