3038 5010
653 307 866 368 „28-

499 488 727 576 σκωπτόμενοι
751 484 780 556 d'
808 489 841 557 ἐν
861 495 937 571 παῖς
959 486 1051 572 ὁδοῖς

499 591 704 683 θαλλοφόροι
728 589 922 680 καλούμεθ’,
947 590 1003 661 ἆν-

496 705 672 785 τωμοσιών
694 693 825 785 κελύφη.

225 2086 231 2112 '
277 2075 314 2138 In
339 2097 437 2140 versu
461 2079 500 2139 tr
523 2077 619 2140 huius
644 2077 796 2162 strophae
820 2099 878 2162 pro
901 2078 1043 2163 μνημεῖα
1072 2067 1245 2160 γράψομαι
1268 2064 1329 2157 ’yni

191 2180 264 2243 libri
287 2174 476 2265 propriaeve
505 2175 677 2266 γράψομαι
701 2173 761 2265 'yoi
787 2181 840 2244 vel
869 2173 1058 2265 μνημόσυνα
1088 2168 1233 2263 γράψομ)
1266 2169 1329 2260 ἐγώ

191 2285 362 2368 praebent,
386 2291 502 2348 neutra
518 2291 627 2348 tamen
650 2285 748 2349 lectio
772 2290 874 2349 metro
899 2290 976 2370 apta
999 2289 1059 2363 est,
1083 2302 1189 2366 neque
1213 2301 1328 2366 perse

190 2388 366 2451 verisimile
385 2395 435 2452 est
449 2389 671 2452 choriambum
686 2389 784 2452 inseri
802 2388 950 2451 iambicis
972 2388 1056 2451 inter
1077 2386 1215 2450 dimetro
1230 2384 1326 2449 huius

191 2492 345 2577 strophae
361 2493 609 2558 occurrentibus
623 2495 831 2573 tetrametris‚
845 2494 1016 2578 quinoque
1029 2492 1062 2555 in
1075 2490 1207 2576 stropha
1219 2511 1326 2575 noque

190 2597 220 2659 in
243 2598 447 2682 antistropha
463 2599 528 2661 ullo
545 2599 608 2663 alio
625 2598 695 2662 loco
718 2598 941 2661 choriambum
963 2597 1164 2661 admiserint.
1198 2593 1325 2658 Proba-

191 2700 288 2764 bilius
311 2701 410 2785 igitur
433 2701 512 2764 mihi
535 2701 639 2764 visum
664 2708 715 2765 est
737 2721 795 2786 pro
819 2694 1008 2787 μνημόσυνα
1031 2698 1064 2763 in
1088 2703 1214 2763 textum
1238 2698 1325 2761 reci-

191 2825 269 2889 pere
298 2807 453 2890 μνημεῖα,
486 2826 558 2868 cum
592 2803 738 2868 eiusdem
772 2805 904 2869 fabulae
933 2826 961 2867 v.
987 2806 1048 2867 560
1078 2825 1135 2889 pro
1168 2804 1327 2888 μνημεῖον

190 2910 318 2993 legatur
340 2905 551 2997 μνημόσυνον.
598 2911 649 2974 Ita
673 2931 745 2973 cum
769 2909 992 2994 antistrophac
1016 2931 1112 2973 versu
1135 2913 1248 2972 noster
1266 2929 1324 2993 op-

190 3014 267 3077 time
291 3015 455 3098 congruit:

189 3164 235 3203 ειι
292 3127 337 3212 ὡς
359 3122 453 3212 οὗτος
474 3127 536 3223 ἤδη
559 3134 770 3219 σκορδινᾶται
793 3126 907 3198 adom
930 3126 988 3198 oda
1010 3131 1043 3198 ἐν
1066 3125 1167 3198 αὑτοῦ

293 3263 694 3301 ...............
712 3265 804 3301 υ-η

190 3338 234 3376 5Ἡ
295 3349 800 3388 ..υ.,..ιν.,..,.ιν.,ι.ι..Ι

276 3427 402 3491 Versus
429 3430 467 3490 14
495 3427 649 3512 strophae
680 3433 712 3492 et
739 3426 963 3512 antistrophac
993 3428 1158 3491 insolitam
1186 3427 1324 3491 formam

191 3530 319 3594 dimctri
341 3530 472 3594 iambici
488 3531 639 3612 offerunt,
664 3530 887 3594 choriambum
908 3537 1082 3617 exceptum
1105 3531 1247 3595 diiambo
1272 3553 1324 3596 re-

191 3634 318 3698 tardata
340 3635 443 3719 prima
466 3633 599 3698 diiambi
623 3634 701 3699 sede
725 3635 863 3698 variato:

407 3787 452 3826 ιιο
500 3747 607 3821 οὐκέτι
631 3757 822 3841 πρεσβυτῶν
845 3749 939 3837 ὄχλος

499 3899 516 3908 u
529 3884 549 3907 υ
561 3884 582 3907 υ
594 3899 622 3923 ..7
640 3901 656 3909 .
669 3901 686 3910 ..
699 3885 719 3907 U
732 3901 748 3909 ..

405 3976 452 4015 ιιι
499 3945 550 4009 δεῖ
571 3941 608 4009 δέ
630 3966 666 4010 σε
688 3940 852 4022 παντοίας
874 3941 1012 4009 πλέκειν.

278 4153 347 4217 Νοο
372 4175 466 4216 εοεαε
490 4152 531 4217 do
553 4174 652 4217 versu
677 4156 714 4216 16
744 4153 896 4239 strophae
928 4158 961 4217 ot
988 4153 1210 4239 antistrophac
1238 4153 1323 4218 iudi-

191 4257 330 4322 candum
361 4265 420 4323 ost.
472 4259 577 4322 Minor
604 4265 654 4322 est
681 4258 736 4321 illa.
764 4258 909 4336 licentia,
940 4257 996 4320 ubi
1023 4300 1129 4324 -.c-
1157 4257 1324 4343 praecedit
