3038 5010
326 457 367 518 44
848 454 938 536 [ιον]

324 644 466 725 ὀλόμενον
488 648 517 709 in
542 644 630 710 ὀλοόν
650 646 753 727 (ouius
778 646 866 710 verbi
890 647 957 710 vice
981 647 1077 710 etiam
1100 647 1163 712 alio
1186 648 1256 712 loco
1273 647 1465 733 Euripideo,

327 748 380 812 Or.
407 749 497 828 1364,
527 749 644 813 librarii
674 748 754 813 falso
788 745 934 829 ὀλόμενον
963 751 1173 834 scripserunt,
1204 751 1259 815 ubi
1288 753 1466 836 genuinam

328 855 515 937 scripturam
537 854 705 920 Hermann
725 852 882 936 restituit)
909 853 1152 940 addendumque
1175 854 1215 918 ad
1236 854 1323 921 τέκεα
1345 859 1467 924 articu-

324 957 390 1020 lum
413 954 451 1022 τά
471 952 507 1022 'ct
529 958 627 1022 verba
650 959 694 1022 sic
716 957 971 1042 transponcnda:

531 1060 628 1138 εόιλεις
652 1061 710 1138 ναί,
733 1059 813 1125 elida
833 1063 838 1143 l
859 1059 955 1126 ι’λοόν·
969 1060 1074 1140 ότινον,
1098 1061 1214 1146 ἄλοχον

530 1164 563 1244 ός
585 1165 663 1230 ἔκριν’
688 1164 771 1230 ἔκανε
795 1166 829 1230 δέ
853 1162 916 1247 [τά]
939 1172 943 1245 Ι
963 1166 1050 1231 τέκεα
1073 1165 1190 1250 τοξήρει

634 1277 752 1359 ψαλμῷ
774 1268 923 1348 τοξιόσας.

427 1477 497 1541 Iam
520 1477 737 1553 examinemus
768 1485 892 1543 ceteros
923 1480 1010 1543 locos
1039 1485 1150 1543 contra
1172 1479 1325 1544 librorum
1352 1487 1464 1546 aucto·

325 1581 450 1646 ritatem
473 1603 491 1645 a
514 1582 588 1646 viris
611 1582 714 1647 doctis
736 1583 780 1646 ita
801 1588 986 1667 temptatos,
1017 1591 1050 1647 ut
1081 1604 1213 1648 caesura
1235 1590 1308 1667 post
1335 1583 1463 1648 tertiam

326 1687 454 1751 brevem
477 1688 719 1771 neglegerctur:

431 1789 465 1874 9)
487 1791 605 1856 Parodi
620 1792 776 1874 virginum
793 1791 1017 1855 Thebanorum
1032 1791 1064 1854 in
1080 1790 1232 1877 Aeschyli
1248 1791 1335 1877 Sept.
1352 1813 1465 1857 versus
1491 1858 1494 1865 ,

324 1895 453 1979 primus,
478 1917 505 1981 ν,
530 1898 580 1975 78,
603 1895 636 1959 in
660 1894 769 1959 codice
792 1894 936 1960 Mediceo
962 1896 1005 1959 sic
1028 1895 1160 1979 legitur:

645 1997 775 2081 θρέομαι
799 1996 915 2083 φοβερά
936 1997 1043 2082 μεγάλ’
1066 1997 1140 2084 ἄχη,

327 2124 421 2188 quem
444 2109 480 2167 ut
503 2103 535 2167 in
564 2104 733 2169 dimetrum
762 2103 982 2168 dcohnriacum
1006 2110 1148 2189 cogeret,
1172 2104 1358 2170 Dindorfius
1387 2110 1463 2170 ente

327 2205 456 2290 θρέομαι
480 2207 612 2272 inscruit
634 2207 772 2272 νιόκοταε

533 2309 683 2392 [νεόκοτα]
708 2311 839 2392 θρέομαι
860 2315 864 2388 Ι
885 2310 1001 2396 φοβερά
1022 2312 1129 2395 μεγάλ’
1150 2309 1171 2375 ά
1171 2314 1238 2397 γα]

329 2411 464 2479 Νεόκοτοι
486 2413 548 2499 dm
571 2416 632 2480 dici
656 2417 793 2501 explicat
818 2418 960 2498 „ratione
975 2418 1086 2482 habita
1103 2418 1245 2501 priorum
1263 2428 1464 2502 eventorum,

327 2540 408 2604 quae
423 2520 636 2606 praecessisse
654 2542 693 2584 cx
706 2521 840 2605 prologo
854 2520 993 2585 Eteoclis
1008 2523 1202 2605 spectatores
1215 2522 1464 2606 cognoverant“.

326 2625 371 2688 At
400 2645 471 2687 curn
500 2624 649 2689 Eteocles
679 2625 710 2688 in
733 2626 868 2709 prologo
892 2647 931 2690 ne
961 2646 1024 2689 uno
1055 2625 1182 2710 quidem
1211 2626 1309 2691 verbo
1340 2628 1465 2711 priores

327 2729 522 2793 calamitates
547 2729 697 2813 tetigerit,
728 2728 785 2793 sed
810 2729 975 2813 angustiis,
1006 2730 1119 2814 quibus
1149 2730 1224 2794 urbs
1253 2735 1464 2814 premeretur,

327 2833 479 2919 expositis
497 2832 685 2897 adhortatus
702 2834 743 2897 sit
759 2835 852 2914 cives,
868 2842 904 2898 ut
920 2854 978 2898 suo
995 2835 1128 2919 quisque
1146 2835 1248 2900 officio
1264 2834 1464 2919 fungeretur,

326 2935 521 3003 reiciendum
544 2959 614 3001 esse
637 2958 752 3002 censeo
776 2936 837 3001 hoc
861 2937 1061 3002 adiectivum.

430 3041 509 3105 Mihi
538 3042 605 3104 eius
635 3040 718 3103 modi
742 3043 925 3106 coniectura
948 3041 1075 3107 videtur
1098 3049 1130 3107 et
1160 3048 1260 3107 metro
1292 3049 1324 3108 et
1355 3043 1465 3108 sensui

327 3144 524 3210 satisfacere:

532 3246 669 3329 Θρέομαι
694 3245 763 3327 [ἄνι’
785 3245 866 3328 drzu]
887 3248 891 3328 l
912 3247 1030 3333 φοβερά
1052 3247 1160 3331 μεγάλ’
1183 3246 1255 3332 ἄχη,

327 3374 398 3416 cum
429 3353 626 3417 meminerim
656 3354 800 3418 locorum
822 3352 1076 3439 Aeschyleorum
1098 3353 1188 3419 Pers.
1212 3356 1274 3418 256
1305 3349 1364 3416 ἄνι’
1395 3351 1464 3418 άνιοι

327 3452 401 3518 κακά
425 3454 558 3533 νεόκοτα,
591 3459 672 3521 1055
697 3464 729 3522 et
754 3459 833 3521 1061
860 3455 917 3521 ἄνι’
945 3455 1025 3535 driu,
1056 3457 1112 3521 ubl
1140 3457 1274 3522 fortasse
1304 3454 1382 3522 κακά
1415 3464 1464 3522 est

326 3557 518 3625 addendum.

433 3747 487 3834 10)
504 3750 620 3816 Aesch.
633 3752 719 3838 Sept.
733 3751 825 3817 2391]
842 3752 874 3814 in
890 3750 1064 3817 editionum
1076 3752 1288 3816 recentiorum
1300 3753 1464 3837 plerisque

326 3853 459 3937 legitur:

564 3959 748 4045 (ποτίφατον
769 3958 916 4045 κλόοα)σιι
940 3957 1076 4043 πάταγον
1098 3959 1218 4042 α’ναμέξ,

430 4154 439 4188 ¹
458 4153 587 4220 Plerique
606 4151 725 4204 editores
744 4155 808 4203 ante
828 4150 998 4203 Dindorfium
1024 4168 1074 4218 pro
1097 4159 1205 4220 θρέομαι
1228 4167 1263 4203 cx
1281 4151 1461 4218 apographis,

327 4255 396 4306 quac
416 4255 524 4290 versum
542 4239 580 4290 sic
600 4237 744 4288 exhibent:
770 4239 876 4306 θρεῦμαι
898 4237 993 4306 φοβεροὶ
1017 4235 1112 4308 μεγάλα
1136 4236 1160 4290 τ’
1185 4239 1243 4308 ἄχη,
1268 4236 1463 4303 interpolatum

326 4325 433 4378 scilicet
451 4340 500 4391 per
519 4329 701 4377 correctorem
720 4324 799 4375 metri
819 4323 971 4411 dochmiaci
993 4324 1129 4390 ignarum,
1155 4326 1319 4389 receperunt
1345 4323 1461 4392 θριῦμνι,

326 4415 357 4465 ut
376 4426 482 4464 versum
501 4411 680 4463 restituerent
699 4414 869 4464 constantem
889 4427 904 4461 e
923 4410 1046 4477 spondeo
1066 4417 1093 4464 et
1113 4409 1248 4463 dochmio.
