3038 5010
691 539 911 608 ,53-

216 715 270 785 alii
292 715 386 798 fiant,
411 727 448 784 ut
470 713 619 796 memini,
645 712 819 803 quendam
838 736 907 783 non
925 714 1112 803 ignobilem
1129 728 1269 806 poetam
1286 715 1388 784 talem

217 845 396 892 exarasse:

320 941 414 999 astra
437 942 530 998 tenet
553 929 697 1012 caelum,
722 951 818 998 mare
842 929 983 1011 classes,
1009 952 1089 998 area
1114 951 1264 998 messem
1276 953 1284 1012 ;

217 1038 270 1106 bic
295 1050 486 1106 retrorsum
511 1036 549 1105 fit
571 1037 756 1118 sotadeus;
788 1036 940 1126 itemque
971 1060 991 1104 e
1022 1038 1170 1105 sotadeo
1201 1037 1271 1105 exit
1288 1049 1389 1106 ¹retro

216 1145 408 1215 trimetros:

400 1251 537 1341 „Caput
560 1251 714 1320 exseruit
737 1251 864 1320 mobile
887 1251 1006 1341 prinus
1029 1250 1204 1341 repetita.“

217 1359 294 1428 Alia
318 1361 477 1449 exempla
500 1359 600 1427 affert
624 1357 814 1428 Diomedes
831 1358 888 1442 (G.
901 1357 941 1432 L.
955 1358 978 1441 1,
992 1382 1025 1448 p.
1037 1360 1133 1449 516);
1158 1359 1221 1427 sed
1245 1359 1389 1448 longum

216 1478 269 1536 est
293 1466 407 1536 omnia
432 1489 646 1536 enumerare.

305 1573 444 1660 Quibus
476 1574 643 1664 exemplis
672 1573 770 1642 lusus
803 1572 928 1663 poetici
958 1572 1133 1642 inserendi
1157 1583 1210 1641 est
1234 1571 1289 1641 hic
1313 1596 1388 1663 pro·

216 1682 329 1766 lngus,
361 1683 419 1770 qui
442 1681 658 1771 temporibus
682 1680 901 1749 Ptolemaicis
925 1692 1023 1750 ortus
1047 1694 1110 1749 est.
1157 1679 1254 1768 Ergo
1279 1680 1312 1748 in
1336 1680 1390 1750 his

218 1812 358 1880 quoque
382 1789 533 1858 artificiis
552 1788 700 1858 Romani
725 1801 851 1877 poetae
874 1787 1049 1857 imitantur
1072 1800 1195 1877 poetas
1220 1787 1389 1857 Graecos.

217 1897 441 1965 lntenderunt
476 1909 590 1965 autem
625 1919 698 1965 rem
735 1896 884 1965 Romani
919 1908 1043 1986 poetae
1079 1895 1160 1964 odio
1195 1895 1390 1983 incomptae

217 2004 381 2072 orationis
408 2005 582 2093 percensi;
610 2018 733 2094 postea
761 2027 831 2094 quo
857 2004 968 2093 magis
991 2004 1124 2072 litterae
1148 2002 1387 2085 senescebant,

217 2135 260 2180 eo
285 2113 397 2201 magis
420 2113 569 2180 florebat
592 2114 708 2181 talium
734 2135 904 2200 nugarum
930 2111 1092 2191 studium,
1125 2112 1220 2201 quod
1246 2107 1387 2178 auctori·

218 2221 283 2288 bus
300 2242 414 2288 novae
431 2219 572 2288 facetiae
590 2218 818 2287 inveniendae
833 2232 930 2287 erant
943 2219 987 2286 ad
1000 2219 1167 2287 lectorum
1182 2216 1390 2286 vincendum

217 2325 398 2395 fastidium.
