3038 5010
671 483 885 528 -11-

192 658 243 742 (cf.
270 657 488 745 Wagnerum
513 681 546 746 p.
570 659 613 744 4),
642 658 707 724 iam
732 657 765 723 in
790 657 910 724 codice
935 655 965 722 V
990 658 1021 723 in
1048 655 1115 722 fine
1140 656 1242 723 huius
1266 677 1365 743 argu·

191 763 295 831 menti
327 764 475 854 scriptos
509 765 677 832 videmus
737 763 837 848 Quos
874 784 998 831 versus
1034 761 1067 829 in
1111 761 1260 829 editione
1295 784 1364 829 van

191 870 444 939 Leeuweniana
461 873 492 938 in
511 872 603 939 exitu
617 871 730 960 quarti
747 870 941 958 argumenti
955 870 1111 938 oratione
1128 891 1234 958 prosa
1247 868 1365 958 scripti

190 978 347 1065 legimus,
380 979 497 1047 nescio
532 1002 601 1068 quo
630 980 713 1046 iure.
762 979 849 1046 Nam
874 977 1054 1044 offendere
1079 998 1148 1044 non
1172 988 1289 1065 potest
1312 977 1364 1045 his

192 1084 351 1153 versibus
384 1086 427 1153 de
459 1087 629 1173 elegantia
663 1097 768 1173 atque
803 1098 877 1151 arte
911 1083 1047 1151 fabulae
1082 1082 1232 1164 iudicari,
1269 1084 1364 1172 quod

190 1192 349 1259 iudicium
379 1193 411 1260 in
442 1193 565 1261 ceteris
589 1191 802 1280 argumentis
828 1191 977 1258 metricis
1001 1190 1128 1258 frustra
1153 1191 1364 1280 quaerimus,

191 1297 273 1366 [llud
315 1299 404 1367 enirn
446 1300 606 1368 iudicium
649 1299 713 1386 ipsi
747 1298 883 1366 fabulae
918 1322 938 1365 a
973 1310 1077 1386 poeta
1112 1298 1277 1366 insertum
1312 1310 1364 1366 est

192 1406 243 1488 (cf.
258 1429 289 1476 v,
303 1410 369 1497 518
381 1411 471 1496 sqq.)
508 1409 553 1475 ob
590 1430 737 1496 eamque
773 1429 846 1474 rem
884 1406 926 1474 ad
963 1427 1004 1472 ea
1038 1405 1196 1494 pertinet,
1237 1406 1366 1494 quibus

190 1513 305 1582 fabula
329 1515 531 1585 continetur.
580 1515 765 1582 Praeterea
798 1535 875 1581 cum
901 1512 955 1580 illa
980 1515 1088 1579 verba
1112 1511 1208 1579 facile
1232 1512 1264 1579 in
1290 1536 1363 1580 ver-

191 1642 250 1688 sus
281 1621 391 1688 dirimi
424 1635 575 1711 possunt
606 1621 711 1709 priori
736 1620 852 1689 versui
877 1621 987 1687 verbo
1019 1628 1105 1684 rouro
1130 1619 1259 1702 addito,
1294 1641 1364 1688 non

191 1741 244 1795 est
268 1751 329 1796 cur
352 1731 561 1797 auferantur.
617 1729 705 1814 Quis
737 1740 849 1796 autem
883 1728 1000 1796 credat
1033 1728 1099 1794 hoc
1133 1749 1238 1795 unum
1264 1750 1364 1816 argu-

191 1847 341 1903 mentum
368 1837 492 1904 ceteris
517 1837 656 1904 duobus
681 1836 842 1904 versibus
869 1835 1011 1903 brevius
1034 1834 1167 1903 fuisse?

278 1941 458 2032 Superest,
484 1955 520 2010 ut
545 1966 655 2032 pauca
679 1945 723 2010 de
747 1944 858 2010 verbo
883 1947 1077 2035 σωκρατίζειν
1106 1983 1142 1990 -
1168 1942 1200 2009 id
1226 1955 1279 2010 est
1301 1943 1364 2012 So·

191 2061 318 2116 cratem
350 2050 537 2118 imitari-
563 2052 683 2120 dicam.
733 2050 935 2117 Derivaturn
961 2063 1015 2117 est
1038 2072 1059 2117 a
1083 2071 1169 2116 voce
1194 2061 1366 2140 σωκρατεῖν,

192 2176 280 2242 quae
311 2156 483 2224 invenitur
515 2158 545 2224 in
579 2157 708 2224 Avium
739 2156 984 2245 Aristophanis
1019 2179 1051 2225 v.
1087 2157 1181 2228 1282.
1235 2157 1366 2227 Postea

191 2261 270 2330 illud
287 2265 433 2331 verbum
451 2269 645 2354 σωκρατίζειν
658 2263 863 2351 Αἰοίρὴιοιιί
887 2263 1173 2352 epistolographo
1198 2264 1274 2332 usui
1291 2264 1362 2354 fuit,

191 2382 227 2437 ut
250 2370 283 2436 in
309 2371 475 2459 epistulae
499 2372 675 2438 secundae
699 2376 719 2456 ξ
743 2393 764 2436 2
788 2371 917 2459 scripta
940 2370 1120 2437 videmus:
1150 2373 1197 2435 καὶ
1220 2375 1366 2462 σοκρατί-

192 2487 253 2553 ζειν
277 2480 324 2543 καὶ
347 2481 589 2562 στωμυλεάεσθαι
612 2480 693 2542 θέλει
717 2480 763 2542 καὶ
788 2479 1000 2566 εἰρωνεύεσθαι.

279 2691 380 2759 Nunc
405 2693 562 2781 quaestio
587 2691 697 2759 oritur
721 2693 764 2759 de
789 2702 996 2779 argumento
1022 2690 1228 2779 Vesparum.

403 2853 548 2916 Φιλοῦντα
571 2855 699 2926 δικάζειν
723 2857 835 2940 πατέρα
858 2862 929 2925 ταῖς
953 2850 1057 2939 εἴρξας
1081 2851 1165 2938 άφνω

402 2960 495 3033 αὐτάς
519 2959 545 3022 τ’
571 2961 735 3047 ἐφύλαττεν
759 2962 839 3024 ἐνδον
864 2962 969 3023 οἰκέται
993 2958 1033 3034 θ’,
1059 2958 1142 3031 ὅπως

403 3067 442 3151 μὴ
467 3067 602 3151 λανθάνῃ
627 3065 694 3151 μηδ’
720 3065 784 3150 ἐξίῃ
808 3069 853 3130 διά
877 3068 932 3151 τὴν
956 3069 1050 3133 νόσον,

402 3175 415 3235 ὁ
439 3172 464 3236 δ’
490 3178 678 3259 άντιράχεται
702 3175 785 3237 παντὶ
810 3178 908 3261 τρόκιρ
933 3172 980 3236 καὶ
1004 3178 1132 3257 μηχανῇ,

366 3302 378 3339 ο
403 3276 456 3344 εἷθ’
482 3283 507 3342 οἱ
531 3283 672 3364 συνήθεις
695 3282 741 3343 καὶ
766 3285 915 3368 γέροντες,
940 3279 1089 3362 λεγόμενοι

401 3397 527 3474 σφῆκες,
552 3391 754 3474 παραγίνονται
779 3388 964 3471 βοηθοῦντες
987 3387 1100 3473 σφόδρα

402 3496 447 3557 ἐπὶ
471 3495 672 3580 τῷδύνασθαι
696 3499 814 3582 κέντρον
839 3496 941 3558 ἐνιέναι
965 3495 1036 3557 τισὶν

402 3610 581 3688 φρονοῦντες
605 3603 710 3670 ἱκανόν,
758 3604 772 3663 ὁ
795 3601 826 3665 δέ
850 3606 943 3690 κέρων
968 3603 1152 3688 τηρούμενος

401 3708 568 3789 σομκεὶθετ’
594 3710 673 3771 ἐνδον
697 3710 871 3780 διαδικάζειν
895 3709 941 3771 καὶ
967 3709 1054 3790 βιοῦν,

357 3836 382 3873 10
403 3817 463 3878 ἐπεὶ
486 3816 519 3877 τὸ
543 3817 671 3888 δικάζειν
694 3819 821 3902 κέκρικεν
846 3817 878 3878 ἐκ
901 3816 1013 3887 παντὸς
1037 3817 1155 3900 τράκοο,

189 3971 293 4056 Quod
326 3985 568 4060 argumentum
602 3976 690 4040 bene
722 3987 898 4040 servatum
924 3987 957 4038 et
980 3972 1131 4038 fortasse
1155 3969 1284 4057 optime
1307 3969 1363 4039 fic·

188 4093 258 4146 tum
284 4093 398 4147 exstat
423 4080 453 4146 in
480 4080 658 4148 codicibus
683 4080 760 4147 Ret
775 4080 815 4152 V.
865 4080 977 4165 Quam
1005 4080 1050 4145 ob
1076 4099 1147 4144 rem
1172 4076 1269 4144 facile
1294 4089 1361 4144 tex-

189 4198 243 4253 tus
267 4188 502 4255 restituendus
526 4199 580 4254 est
603 4210 647 4254 ex
672 4186 733 4254 illis
758 4188 897 4254 duobus
921 4185 1083 4253 fontibus.

276 4299 310 4381 2)
334 4293 395 4375 Ea,
420 4317 509 4382 quae
535 4295 717 4361 traduntur
741 4294 772 4360 in
794 4293 833 4359 V:
860 4295 952 4367 αὐτάς
976 4293 1002 4356 τ’
1028 4293 1192 4379 ἐφύλαττεν
1217 4293 1298 4355 ἔνδον
1322 4292 1365 4355 οἱ·
