3038 5010
644 274 858 336 „55-

667 462 763 528 etfr.
787 464 848 527 356

580 559 753 653 ἀναπηδᾶν
774 562 808 630 ἐν
829 560 923 653 δήμῳ

188 741 314 805 ionicos
337 740 555 825 composuisse
580 739 677 803 alicui
679 691 872 819 uidebitur,
897 738 1044 823 quamvis
1068 759 1133 801 non
1155 743 1324 824 appareat,

190 865 289 930 quam
311 865 427 908 versus
451 844 560 908 sedem
583 843 744 908 molossus
767 843 986 930 occupaverit.

720 1002 793 1080 §2

279 1112 386 1197 Supra
409 1134 439 1198 p.
464 1116 501 1175 51
528 1113 593 1176 iam
616 1112 694 1189 dixi,
718 1113 802 1174 sicut
824 1132 842 1175 e
865 1111 998 1174 mutatis
1023 1109 1156 1173 diiambi
1181 1108 1324 1194 syllaba-

191 1238 263 1280 rum
288 1216 451 1281 sccundae
476 1223 509 1280 et
530 1216 647 1280 tertias
670 1215 801 1279 sedibus
824 1215 947 1278 ionicus
971 1237 991 1277 a
1013 1215 1137 1278 minore
1162 1221 1250 1277 ortus
1274 1215 1325 1293 sit,

191 1321 239 1383 ita
262 1341 305 1383 ex
327 1318 463 1383 dimetro
487 1320 592 1383 ionico
617 1319 693 1383 oriri
720 1339 819 1403 posse
845 1318 939 1381 colon
956 1312 1086 1382 ἰωνικὸν
1101 1308 1326 1399 ἀνακλώμενον

193 1422 280 1507 quod
295 1427 436 1487 vocatur.
476 1421 666 1487 Coniunctis
684 1423 770 1486 enim
786 1421 913 1486 duobus
936 1422 1050 1486 ionicis
1068 1479 1085 1492 .
1099 1480 1117 1492 ,
1129 1461 1181 1493 21,
1195 1479 1214 1492 e
1227 1480 1245 1492 ,
1258 1463 1278 1490 2
1289 1465 1325 1501 κ,

193 1528 222 1590 si
246 1533 360 1611 quarta
384 1533 417 1591 et
439 1528 552 1613 quinta
576 1528 703 1613 syllaba
725 1528 833 1591 locum
856 1548 912 1591 mu
913 1532 998 1607 t‚ant
1028 1527 1152 1591 ionicus
1177 1518 1324 1590 ἀνακλώ-

192 1653 289 1713 μενος
303 1689 321 1702 ,
331 1687 351 1702 ,
361 1681 382 1703 r
392 1687 411 1700 ,
422 1676 440 1701 κ
451 1670 490 1702 ,«
480 1695 500 1702 ,
511 1695 531 1702 ..
491 1632 592 1695 ..cfi
570 1631 904 1718 tHephaestionem
922 1632 1007 1695 bunc
1024 1652 1153 1695 versum
1168 1632 1254 1695 male
1267 1652 1325 1694 ex-

193 1735 336 1821 plicasse
359 1757 457 1822 supra
480 1736 617 1817 ostendi,
640 1742 730 1801 recta
753 1742 862 1800 tamen
880 1736 1053 1821 explicatio
1069 1757 1089 1799 a
1105 1736 1282 1800 scholiasta
1296 1736 1327 1799 A

193 1837 451 1923 Hephaestionis
480 1840 628 1919 affertur,
659 1841 714 1925 qni
736 1862 767 1925 p.
794 1844 854 1904 194
879 1835 917 1905 τὸ
947 1833 1171 1922 ἀνακλώμενον
1199 1837 1324 1923 μέτρον,

193 1942 309 2026 inquit,
331 1937 482 2007 τοιοῦτόν
504 1940 592 2008 ἐστιν
620 1935 664 2020 ὡς
692 1938 821 2008 ἱωνικόν
842 1935 926 2008 εἶναι
948 1938 986 2008 τὸ
1011 1935 1067 2006 ἀπ’
1093 1937 1267 2020 ἐλάσσονος
1288 1936 1327 2007 τὸ

193 2051 374 2132 ααβαβαββ
408 2040 459 2131 (τὸ
492 2045 527 2111 δὲ
560 2046 732 2131 δαββαβῆβ
765 2047 866 2111 habet
901 2047 1007 2111 codex
1040 2046 1274 2110 Ambrosianus
1309 2069 1329 2109 a

195 2149 419 2215 Studcmnndo
444 2156 628 2231 excussus).
675 2148 830 2236 (Λέγεται
847 2148 883 2214 δὲ
901 2145 1011 2229 οὕτως,
1034 2143 1084 2215 ὅτι
1098 2143 1133 2237 ἡ)
1158 2145 1328 2215 τελευταία

193 2254 254 2319 τοῦ
275 2250 409 2339 πρώτου
432 2251 538 2333 ποδὸς
556 2249 773 2319 ἀνακλᾶται
757 2252 816 2319 επὶ
836 2250 895 2342 τὴν
914 2279 972 2320 τοο
957 2246 1189 2339 δευτέροο”
1166 2275 1328 2341 αρχοοσαν

193 2361 364 2479 βραχεῖαν
394 2350 543 2436 ὡςεῖναι
566 2354 757 2444 τὸπρῶτον
786 2351 858 2422 ἀντὶ
889 2354 1020 2454 ἱωνικοο
1047 2354 1181 2423 παίωνα
1209 2352 1327 2442 τρίτον,

194 2456 234 2526 τὸ
257 2460 294 2526 δὲ
316 2452 502 2548 ἀεάτερον’
486 2458 655 2548 εντίεριτον
677 2457 832 2547 δεύτερον.

284 2565 400 2630 Haec
392 2587 464 2651 rpsa
477 2566 567 2650 origo
583 2565 756 2651 prohibuit,
773 2586 813 2628 nc
826 2565 964 2628 maiores
976 2565 1126 2629 licentias
1142 2565 1330 2629 admitteret

195 2669 293 2733 colon
320 2671 464 2733 ionicum
492 2661 724 2753 ἀνακλώμενον.
767 2667 817 2731 Αο
841 2668 985 2754 prolecto
1015 2669 1042 2731 si
1069 2669 1252 2732 accuratius
1279 2668 1328 2730 in-

194 2773 347 2860 spexeris
370 2794 425 2838 eos
444 2795 570 2854 versus,
594 2775 648 2858 qui
665 2773 788 2836 ionicos
811 2764 1056 2854 ἀνακλωμένοος
1074 2775 1251 2853 continent,
1274 2794 1331 2858 ap·

192 2881 326 2967 parebit
346 2901 449 2966 paene
467 2902 578 2945 omnes
597 2880 775 2944 secundum
796 2880 1019 2944 severissimas
1041 2880 1132 2965 leges
1150 2903 1224 2945 esse
1241 2902 1330 2945 com-

192 2985 332 3070 positos.

283 3088 394 3152 Prima
416 3089 524 3153 ionico
547 3082 762 3174 ἀνακλωμένομ
785 3110 846 3153 usa
870 3094 921 3152 est
944 3088 1116 3174 Sappho:

706 3193 744 3258 fr.
769 3194 809 3256 58

419 3289 505 3378 Ἔχει
528 3293 586 3380 μὲν
605 3289 806 3382 Ἀνδρομέδα
828 3291 931 3360 κάλαν
952 3287 1105 3379 ἀμοιβαν.

284 3747 523 3832 Hephaestion,
540 3747 595 3830 qui
611 3748 645 3809 in
661 3753 808 3811 extremo
824 3745 929 3830 capite
943 3739 1020 3827 περὶ
1032 3743 1096 3806 τῶν
1107 3734 1175 3807 κατ’
1191 3734 1333 3806 ἀντιπά-

200 3857 299 3917 θειαν
314 3848 436 3935 μίξεων
458 3874 488 3938 p.
503 3856 552 3916 46.
570 3855 610 3916 47
634 3853 694 3917 bos
717 3873 830 3916 versus
852 3850 960 3928 tradit,
985 3850 1152 3934 epionicos
1168 3850 1332 3913 trimetros

200 3958 400 4021 acatalectos
437 3965 546 4034 vocat:
589 3949 815 4039 ἀνακλωμένου
850 3952 886 4019 δὲ
922 3947 1013 4032 ἀνεος
1051 3945 1164 4030 αὐτοῦ,
1207 3976 1333 4037 προτα-

199 4064 321 4142 χθεῖσα
361 4056 498 4149 ἷαμβικὴ
533 4057 695 4148 ἑξάοημος
724 4053 746 4147 ἢ
774 4053 964 4145 {acceptos
998 4058 1091 4121 ποιεῖ
1118 4050 1156 4120 τὸ
1184 4056 1333 4121 τοιοῦτον

201 4162 285 4249 (scil.
305 4158 343 4229 τὸ
367 4156 424 4227 ἀπ’
451 4159 621 4241 ε’λάενονος
649 4156 824 4227 ἐντιωνικὸν
845 4155 1015 4246 τρίμετρον
1037 4150 1267 4244 ἀκατάληκνον,
1292 4158 1332 4221 de

202 4267 384 4352 quomodo
408 4267 515 4352 dixit),
540 4257 609 4332 οἷον
631 4261 724 4352 παρὰ
750 4267 887 4351 Σαπφοῖ
912 4285 999 4347 seqq.
1022 4264 1060 4326 fr.
1077 4264 1127 4326 58.
1147 4266 1200 4336 59;
1223 4262 1333 4347 paullo
1384 4253 1386 4257 ’

1112 4365 1128 4418 5
