3038 5010
662 481 883 548 -47..

187 657 319 726 Contra
336 658 451 726 Weilii
468 671 502 726 et
518 658 762 726 Reitzensteini
779 659 984 728 sententiam
1003 659 1195 728 Kaibelium
1219 672 1361 727 secutus

186 788 205 832 e
233 788 339 833 versu
376 789 415 855 15
447 766 651 833 concludam
686 768 871 854 prologum
910 767 953 834 ab
984 766 1061 854 ipso
1094 766 1254 854 Dionyso
1285 789 1362 855 pro·

186 874 341 942 nuntiari.
389 874 480 943 Weil
506 888 540 943 et
561 874 793 942 Reitzenstein
820 873 918 941 nimis
943 887 1078 961 argute,
1104 887 1140 942 ut
1165 874 1245 941 mihi
1270 873 1362 941 vide-

186 995 250 1060 tur,
276 982 365 1048 illurn
392 983 505 1050 locum
530 983 808 1071 interpretantur.
857 981 1027 1049 Consulto
1052 980 1142 1048 enim
1164 980 1360 1069 Dionysum

186 1088 296 1178 ipsum
329 1103 451 1158 auctor
481 1089 659 1158 induxisse
688 1089 848 1166 arbitror,
885 1090 979 1176 quod
1014 1089 1047 1156 in
1084 1089 1186 1157 huius
1222 1089 1362 1178 prologi

186 1195 295 1283 prima
319 1210 416 1284 parte
441 1199 594 1286 collegas
619 1220 701 1265 suas
726 1197 942 1284 aggreditur,
968 1196 1025 1283 qui
1050 1195 1164 1284 longis
1189 1197 1362 1264 verbosis·

187 1323 254 1388 que
278 1303 434 1392 prologis
458 1316 674 1393 spectatores
694 1302 806 1391 magis
830 1301 1015 1389 fatigarent
1032 1304 1360 1396 conturbarentque,

187 1432 287 1497 quam
306 1411 525 1482 instruerent.
574 1411 686 1494 Quam
706 1410 751 1478 ob
769 1432 840 1477 rem
859 1432 965 1477 verus
982 1410 1079 1491 deus,
1098 1410 1156 1496 qui
1174 1410 1359 1498 prologum

186 1517 392 1603 pronuntiet,
408 1518 587 1596 inducitur,
603 1539 672 1584 non
685 1517 1068 1604 deusapoetacreatuS,
1083 1516 1159 1583 utin
1170 1514 1361 1584 comoediis

186 1622 377 1703 Menandri,
393 1624 612 1704 Philemonis
628 1622 753 1713 Diphili
763 1623 915 1710 Ἔλεγχος
939 1623 994 1690 vel
1015 1626 1084 1711 Ἀήρ
1109 1623 1165 1690 vel
1184 1626 1362 1711 Ἀρκτοῦρος

188 1730 241 1797 vel
260 1729 383 1816 llpom.
431 1730 611 1818 Dionysus
644 1744 768 1812 autem,
801 1731 858 1818 qui
891 1729 1065 1819 praesidet
1095 1730 1295 1819 spectaculo
1328 1743 1362 1797 et

186 1850 308 1925 poetas
340 1860 480 1926 semper
508 1837 653 1906 consilio
678 1838 828 1918 adiuvat,
863 1837 952 1904 idem
978 1859 1127 1926 peccare
1151 1859 1218 1904 non
1245 1849 1361 1926 potest

188 2052 327 2119 clarabit
338 2054 372 2140 ¹).

275 2159 346 2227 Sed
379 2182 469 2227 nunc
501 2160 577 2241 hoc,
614 2160 707 2248 quod
742 2158 883 2227 minoris
915 2158 1079 2225 momenti
1110 2171 1163 2226 est
1195 2158 1238 2225 ad
1272 2159 1360 2226 hanc

188 2266 423 2354 quaestionem
456 2267 501 2333 de
537 2266 751 2354 argumentis
787 2265 937 2332 metricis
974 2265 1179 2344 incohatam,
1216 2265 1358 2333 missum
1403 2289 1404 2292 ¹

187 2373 283 2444 facio,
336 2375 384 2441 At
415 2373 596 2461 permagni
627 2375 731 2441 refert
765 2374 904 2440 alteram
938 2385 1069 2460 partem
1102 2371 1190 2439 illius
1221 2372 1360 2462 prologi

187 2480 418 2548 considerare.
467 2481 546 2566 Qua
576 2493 675 2569 parte
706 2493 742 2547 ut
774 2479 806 2547 in
840 2478 902 2547 illis
934 2479 1092 2568 prologis
1122 2502 1228 2567 supra
1252 2479 1360 2547 allatis

187 2600 288 2675 poeta
321 2601 562 2671 argumentum
596 2600 721 2655 narrat.
769 2586 1003 2654 Reitzenstein
1040 2588 1106 2654 hoc
1131 2587 1281 2674 prologo
1306 2609 1359 2675 pa-

187 2695 262 2782 pyri
286 2694 596 2782 Argentoratensis
626 2695 669 2762 ad
694 2694 870 2763 historiam
897 2693 1099 2761 comoediae
1123 2693 1358 2760 illustrandam

188 2802 308 2890 profici
333 2802 458 2890 aliquid
481 2814 575 2870 recte
592 2802 765 2869 admonet.
814 2801 987 2868 Discimus
1012 2802 1101 2867 enim
1126 2800 1240 2887 longis
1265 2799 1360 2867 diffu·
1416 2832 1419 2836 ·

189 2909 307 2998 sisque
340 2911 496 2998 prologis
521 2932 540 2976 a
565 2909 647 2975 divo
672 2912 817 2999 προσώπῳ
841 2915 1006 2998 apotamo]
1029 2906 1213 2974 enuntiatis
1238 2918 1360 2996 poetas

186 3017 233 3084 uti
249 3016 370 3084 solitos
388 3040 466 3084 esse
483 3016 657 3106 prioribus
675 3015 899 3105 temporibus
926 3014 1051 3082 deinde
1070 3028 1183 3081 autem
1202 3014 1257 3081 dei
1281 3014 1359 3081 loco

186 3124 325 3212 saepius
350 3147 455 3191 unum
480 3148 524 3192 ex
549 3123 771 3191 histrionibus
796 3122 981 3212 prologum
1006 3121 1253 3202 enuntiavisse,
1287 3134 1358 3187 tum

187 3247 428 3319 argumentum
447 3244 555 3299 totum
575 3254 642 3297 non
660 3230 726 3297 iarn
748 3230 779 3296 in
805 3229 956 3319 prologo
981 3241 1156 3295 narratum
1181 3250 1271 3307 esse,
1295 3229 1358 3295 sed

187 3338 279 3406 initio
296 3339 431 3407 fabulae
450 3339 526 3429 ipso
548 3337 799 3426 expositionem
825 3349 859 3403 et
882 3357 932 3417 ea,
959 3357 1047 3422 quac
1072 3337 1115 3402 ad
1141 3335 1290 3402 fabulam
1315 3333 1359 3400 in·

187 3446 416 3534 tellegendam
434 3445 681 3534 cognoscenda
699 3457 788 3530 sunt,
807 3466 887 3511 esse
903 3443 1131 3532 explanatau.
1169 3440 1360 3528 Cognosci-

187 3576 263 3621 mus
280 3555 383 3641 igitur
400 3577 443 3621 ex
460 3554 513 3621 illa
530 3575 567 3620 re
584 3575 635 3633 ea,
661 3575 750 3640 quae
768 3551 839 3618 Leo
857 3550 888 3618 in
914 3550 1001 3618 libro
1026 3573 1091 3618 suo
1107 3548 1359 3634 „Plautinische

187 3659 460 3747 Forschungen“
487 3684 520 3750 p.
549 3682 610 3748 174
639 3672 672 3727 et
699 3659 761 3747 198
785 3657 963 3754 contendit
987 3659 1157 3746 prologos
1182 3655 1358 3723 Plautinos

186 3766 257 3834 fere
288 3790 410 3835 omnes
441 3767 575 3855 origine
606 3766 745 3835 Graeco
777 3774 857 3833 esse
889 3777 983 3832 recte
1014 3787 1053 3832 se
1078 3764 1217 3831 habere.
1264 3762 1357 3830 Illam

277 3946 296 4016 ¹)
317 3947 360 4002 De
380 3949 437 4002 deo
456 3963 529 4001 vero
549 3945 750 4001 Reitzenstein
770 3961 887 4015 quoque
912 3943 1059 4015 cogitavit,
1085 3943 1139 3999 sed
1165 3944 1202 3997 de
1222 3941 1358 4013 Apolline

186 4036 234 4090 vel
253 4036 406 4091 Mercurio.

275 4125 296 4195 ²)
317 4125 350 4182 cs.
370 4125 571 4181 Reitzenstein
590 4128 607 4182 l.
616 4144 640 4184 c.
650 4143 678 4197 p.
686 4125 747 4195 265.
786 4123 860 4178 Cum
873 4123 1093 4177 Reitzensteino
1113 4131 1213 4177 contra
1226 4121 1358 4176 Leonem

185 4223 255 4284 puto
274 4215 321 4269 illa
341 4214 395 4269 tria
415 4232 525 4284 genera
545 4216 732 4284 prologorum
753 4210 849 4282 potius
869 4228 901 4265 se
921 4219 1023 4266 secuta
1043 4227 1118 4278 esse,
1143 4227 1230 4280 quam
1251 4219 1281 4264 ut
1300 4226 1357 4264 una

185 4304 370 4358 exsisterent.
