3038 5010
654 220 866 281 ..70-

191 416 256 485 cst;
281 431 359 473 sane
382 409 488 472 forma
511 408 656 489 metrica,
680 408 783 493 qualis
806 408 926 472 tradita
944 416 1005 490 est,
1028 409 1070 473 ad
1093 390 1216 474 ionicos
1236 409 1325 473 nullo

191 513 287 578 modo
312 513 459 599 quadrat.

276 618 571 698 Anacreontca‚
595 638 679 700 quae
703 616 868 696 dicuntur,
893 618 1049 698 carmine,
1072 622 1185 703 utpote
1208 636 1323 680 recen-

190 723 270 785 tiore
294 726 440 805 tempore
465 720 653 805 composita,
677 719 730 783 hic
754 719 933 783 omittenda
957 741 1030 784 esse
1054 721 1179 784 censui.

276 822 601 888 Commemorandum
631 830 740 888 autern
770 829 821 887 est
856 824 1008 888 scolion
1042 826 1061 887 8
1096 822 1162 909 (ed.
1186 824 1324 909 Bergk),

191 930 282 993 cuius
304 929 433 992 initium
456 927 517 991 hoc
541 933 589 990 cst

418 1033 593 1125 Ὑγιαίνειν
614 1038 673 1123 μὲν
696 1032 829 1126 άριστον
852 1032 944 1125 άνδρὶ
967 1039 1091 1126 θνατῷ,

113 1224 116 1230 ’
193 1222 258 1287 Sed
276 1243 349 1286 curn
362 1229 440 1300 tres,
454 1223 509 1307 qui
525 1229 713 1306 sequuntur,
731 1243 844 1285 versus
861 1222 1145 1306 hendecasyllabis
1157 1222 1224 1286 sint
1233 1223 1324 1286 attri-

189 1325 321 1403 buendi‚
335 1326 510 1390 verisimile
525 1331 576 1390 est
588 1346 719 1390 versum
734 1328 745 1385 l
764 1346 891 1410 quoque
905 1324 946 1388 ad
957 1325 1018 1388 hoc
1031 1346 1135 1409 genus
1148 1326 1323 1411 pertinere.

275 1515 320 1579 Ut
337 1516 472 1600 integris
489 1516 604 1579 ionicis
619 1536 661 1578 ex
672 1515 807 1599 tragicis
824 1514 929 1599 poetis
938 1515 1084 1597 ,rrraxime
1099 1514 1325 1601 Aeschylus

188 1641 266 1682 usus
302 1625 366 1699 est,
404 1621 449 1683 ita
485 1611 730 1702 ἀνακλωμένοος
762 1639 891 1704 quoque
927 1617 1013 1683 idem
1053 1619 1154 1682 multo
1194 1620 1326 1704 saepius

188 1724 357 1806 usurpavit
380 1744 477 1806 quarn
502 1721 698 1806 Sophocles,
729 1723 821 1786 cuius
852 1722 977 1786 nullum
1007 1729 1099 1786 extat
1126 1724 1326 1809 exemplum,

189 1831 244 1887 aut
266 1824 453 1910 Euripides.
498 1822 566 1887 Sex
588 1824 740 1909 strophae
765 1824 971 1909 Aeschyleae
994 1825 1115 1889 ionicos
1137 1817 1325 1909 ἀνακλωμέ-

188 1952 270 2007 νους,
295 1929 384 2014 puris
408 1929 599 2011 plerumque
624 1928 736 1991 ionicis
760 1926 934 2008 admixtos,
958 1928 1134 2012 praebent:

527 2047 619 2112 Pers.
644 2049 771 2111 81-86
787 2079 826 2100 =
845 2048 973 2112 87-92

234 2152 372 2216 κυανοῦν
394 2145 423 2216 δ)
445 2145 571 2234 όμμασι
594 2145 737 2216 λεύσσων
759 2147 875 2238 φονίου
893 2148 1015 2236 δέργμα
1031 2146 1214 2236 δράκοντος,
1238 2185 1280 2225 ⁸1.
1293 2186 1323 2225 ευ

769 2249 777 2274 Ι
822 2249 830 2274 Ι

234 2250 388 2340 πολύχειρ
411 2252 467 2319 καί
491 2250 707 2333 πολυναύτας,
732 2259 849 2341 Σύριον
869 2247 903 2318 θ’
929 2248 1018 2341 άρμα
1041 2249 1175 2336 διώκων,

234 2354 350 2444 ἐπάγει
374 2352 594 2443 δουρικλύτοις
617 2350 753 2442 ἀνδράσι
775 2353 977 2441 τοξόδαμνον
991 2351 1083 2444 Ι’Ἀρφ
1236 2392 1278 2432 ⁸5.
1293 2393 1322 2431 τε

622 2686 714 2750 Pers.
739 2688 887 2750 93-100

239 2783 414 2876 δολόμητιν
437 2782 467 2853 δ’
494 2781 628 2853 ἀπάταν
649 2789 732 2854 θεοῦ
753 2786 804 2867 τίς
827 2783 906 2877 ἀνὴρ
929 2785 1053 2870 θνατὸς
1075 2784 1203 2873 άλύξει,·

234 2890 286 2972 τίς
307 2894 324 2958 ό
346 2880 496 2981 κραίπνρῦ
517 2894 599 2960 ποδὶ
622 2890 818 2983 πηδήματος
841 2888 998 2975 εύπετοῦς
1020 2891 1191 2986 άνάσσωνς
1238 2932 1280 2972 cs.
1293 2931 1323 2971 cc

236 2993 406 3086 φιλόφρων
428 2993 488 3084 γάρ
511 2995 710 3084 παρασαίνει
733 2993 850 3083 βροτὸν
872 2995 919 3077 είς
942 2993 1063 3085 άρκοας
1077 2994 1172 3083 Ἄτα,
1293 3036 1322 3075 cr

235 3098 335 3168 τόθεν
357 3095 415 3166 οῦκ
437 3098 525 3167 ἔστιν
547 3096 631 3168 ύπὲκ
653 3098 777 3168 θνατὸν
799 3095 961 3183 άλύξαντα
984 3109 1105 3192 φυγεῖν.
1278 3141 1324 3180 100

122 3469 126 3487 ¹
194 3506 223 3550 v.
250 3489 263 3547 1
288 3485 371 3549 θεοῦ
393 3506 452 3569 per
476 3485 640 3569 synizesin
663 3485 923 3570 monosyllabum
946 3487 993 3549 fit.

423 3605 535 3692 Suppl.
563 3609 771 3670 rora-1025
791 3639 831 3660 =
850 3609 1060 3672 rore-1034
1072 3608 1095 3694 ι)

193 3704 243 3775 ἴτε
264 3705 330 3793 μὰν
353 3702 578 3788 ἀστυάνακτας
600 3705 751 3795 μάκαρας
773 3705 872 3788 θεούς
896 3706 1067 3796 γανάοντες

194 3807 392 3894 πολιούχους
412 3837 448 3878 τε
470 3811 526 3878 καί
550 3809 587 3879 οἳ
605 3806 693 3897 χεῦμ’
715 3805 885 3898 Ἐρασίνου

195 3913 419 4002 περιναίονται
442 3912 596 3983 παλαιόν.

194 4016 407 4101 ὑποδέξασθε
430 4015 461 4086 δ’
487 4014 611 4087 ὀπαδοί

266 4195 286 4261 ¹)
305 4192 405 4262 Christ,
423 4193 548 4247 Metrik²
566 4211 592 4264 p.
611 4194 669 4247 505.
