3038 5010
655 256 864 319 ..79-

194 437 250 505 ε’πί
273 434 333 505 τὰν
355 436 519 525 ἑπίδαμον
542 437 642 530 φάτιν
664 433 726 526 εἶμ’
757 436 925 509 Οἰδιπόδα
946 435 1183 524 Λαβδακίδαις
1277 474 1321 512 ωε

194 539 368 629 ἐπίκουρος
390 537 518 633 ἀδήλων
542 541 706 611 θανάτων.

192 1273 231 1335 In
247 1273 309 1337 hcc
324 1273 458 1357 stropha
472 1272 555 1338 duae
573 1271 820 1356 distinguendae
839 1292 914 1335 esse
931 1272 1084 1336 videntur
1102 1278 1221 1357 partes,
1246 1294 1324 1357 qua·

192 1399 262 1440 rum
285 1378 373 1463 prior
387 1377 640 1442 choriambicum
657 1377 900 1462 hypermetrum
917 1375 1027 1455 efficit,
1051 1375 1092 1440 ab
1113 1376 1204 1439 initio
1220 1397 1325 1461 usque

192 1481 232 1544 ad
255 1475 385 1563 ἀπορῶ,
414 1488 487 1566 post
516 1480 601 1566 quod
633 1481 828 1545 vocobulum
858 1481 890 1542 in
919 1480 1052 1564 stropha
1081 1479 1159 1566 (non
1183 1481 1214 1543 in
1238 1483 1323 1544 anti-

192 1585 339 1672 stropha)
369 1586 471 1649 orctio
501 1586 616 1650 fortius
644 1585 779 1659 insistit;
809 1584 971 1669 posterior
996 1604 1072 1668 pers
1099 1584 1212 1648 ionicis
1237 1605 1323 1648 oom-

190 1691 297 1776 posita
321 1711 396 1755 esse
420 1689 549 1754 videtur
577 1689 719 1756 admisso
746 1689 878 1773 saepius
906 1687 967 1752 hoe
996 1687 1181 1752 schemate:
1215 1730 1325 1754 ow.

191 1792 324 1877 Insigne
358 1801 468 1856 eutem
502 1799 552 1857 est
579 1825 612 1840 —
630 1819 664 1839 ι-
693 1791 783 1857 illud.
802 1811 830 1853 v.
860 1794 879 1853 5
909 1797 1004 1855 extra
1030 1811 1142 1855 versus
1178 1789 1325 1855 ordinem

191 1897 333 1982 positum
374 1897 524 1960 similitor
558 1905 656 1981 atque
687 1895 823 1980 Lysistr.
854 1894 1199 1979 321‚3=33s‚3,1)
1229 1894 1323 1960 Aioo.

194 2002 556 2083 rroc,3=1211,3.2›

277 2104 431 2169 Ceterum
454 2106 559 2190 possis
582 2125 639 2190 pro
666 2101 812 2166 versibus
836 2104 922 2165 4-6
945 2102 1029 2166 hano
1053 2124 1179 2190 quoque
1202 2104 1323 2168 ionico-

191 2232 262 2273 rum
284 2217 317 2273 et
340 2209 629 2273 choriambicorum
654 2228 806 2272 versuum
832 2207 1021 2270 societatem
1046 2209 1258 2272 constituere:

279 2600 381 2683 Sane,
416 2603 479 2666 nisi
512 2599 616 2688 Τροΐα
648 2624 714 2666 vox
747 2601 781 2666 in
815 2608 883 2667 tres
918 2599 1062 2687 syllabas
1098 2598 1258 2683 dirempta
1292 2603 1354 2668 et,

191 2702 354 2792 Πηλεΐδης
382 2729 448 2771 vox
481 2708 514 2770 in
547 2712 699 2790 quattuor
733 2704 876 2789 syllabas
911 2703 1072 2790 dirempta
1107 2702 1326 2787 suspicionem

190 2816 338 2885 moveat,
374 2809 474 2874 Rhes.
506 2812 675 2873 360-369
696 2841 735 2864 »τ
758 2810 929 2873 sto-379
962 2807 1023 2872 hoo
1055 2813 1149 2893 pacto
1184 2804 1326 2868 dimetiri

191 2915 313 2977 ausim:

296 3013 358 3110 ἆρά
381 3017 454 3089 ποτ)
481 3012 581 3102 αὖθις
603 3016 625 3088 ά
647 3016 777 3088 παλαιά
804 3018 907 3107 Τροία
929 3014 1006 3098 τοὺς
1028 3013 1203 3105 προπότας
1273 3048 1320 3088 rso

295 3123 532 3213 παναμερείσει
555 3122 698 3204 θιάσους
720 3120 847 3212 ἐρώτων

296 3232 460 3316 ψαλμοῖσι
483 3229 539 3296 καί
562 3227 702 3297 κυλίκων
725 3223 975 3317 οἰνοπλανήτοις

295 3331 476 3416 ἐπιδεξίοις
497 3328 661 3417 ἁμίλλαις,

293 3434 378 3506 κατὰ
400 3434 522 3506 πόντον
540 3431 709 3523 Ἀτρειδᾶν

296 3539 452 3630 Σπάρταν
475 3538 650 3624 οἰχομένων
668 3533 807 3618 Ἰλιάδος
829 3531 905 3623 παρ’
932 3530 1050 3616 άκτᾶς,·

297 3637 323 3714 ὦ
345 3644 451 3735 φίλος,
474 3640 549 3715 εἴθε
570 3669 628 3728 μοι

296 3754 340 3838 σᾷ
361 3749 429 3837 χερί
452 3749 508 3816 καί
531 3751 580 3837 ord
603 3748 674 3837 δορί
697 3743 827 3834 πράξας
848 3740 923 3813 τάδ’
949 3744 982 3825 ἐς
1005 3736 1094 3810 οίκον
1115 3739 1244 3821 ἔλθοις·
