<?xml version="1.0" encoding="UTF-8"?>
<!DOCTYPE html PUBLIC "-//W3C//DTD XHTML 1.0 Transitional//EN"
    "http://www.w3.org/TR/xhtml1/DTD/xhtml1-transitional.dtd">
<html xmlns="http://www.w3.org/1999/xhtml" xml:lang="en" lang="en">
 <head>
  <title>
</title>
<meta http-equiv="Content-Type" content="text/html;charset=utf-8" />
  <meta name='ocr-system' content='tesseract 3.04.00' />
  <meta name='ocr-capabilities' content='ocr_page ocr_carea ocr_par ocr_line ocrx_word'/>
</head>
<body>
  <div class='ocr_page' id='page_1' title='image "./deversumdochmia00pickgoog_0231.png"; bbox 0 0 3038 5010; ppageno 0'>
   <div class='ocr_carea' id='block_1_1' title="bbox 589 465 808 512">
    <p class='ocr_par' dir='ltr' id='par_1_1' title="bbox 589 465 808 512">
     <span class='ocr_line' id='line_1_1' title="bbox 589 465 808 512; baseline 0 -20"><span class='ocrx_word' id='word_1_1' title='bbox 589 465 808 512; x_wconf 79' lang='lat'>...20-</span> 
     </span>
    </p>
   </div>
   <div class='ocr_carea' id='block_1_2' title="bbox 105 637 1340 3812">
    <p class='ocr_par' dir='ltr' id='par_1_2' title="bbox 105 637 1340 3812">
     <span class='ocr_line' id='line_1_2' title="bbox 109 637 1288 728; baseline 0 -22"><span class='ocrx_word' id='word_1_2' title='bbox 109 639 274 707; x_wconf 89' lang='lat' dir='ltr'>iambicos</span> <span class='ocrx_word' id='word_1_3' title='bbox 299 637 405 707; x_wconf 89' lang='lat' dir='ltr'>dividi</span> <span class='ocrx_word' id='word_1_4' title='bbox 434 652 592 727; x_wconf 88' lang='lat' dir='ltr'><strong>possunt.</strong></span> <span class='ocrx_word' id='word_1_5' title='bbox 640 639 744 724; x_wconf 86' lang='lat' dir='ltr'>Quod</span> <span class='ocrx_word' id='word_1_6' title='bbox 772 651 916 707; x_wconf 90' lang='lat' dir='ltr'>metrum</span> <span class='ocrx_word' id='word_1_7' title='bbox 943 639 1042 707; x_wconf 86' lang='lat' dir='ltr'>altius</span> <span class='ocrx_word' id='word_1_8' title='bbox 1073 637 1288 728; x_wconf 86' lang='lat' dir='ltr'>perscrutari</span> 
     </span>
     <span class='ocr_line' id='line_1_3' title="bbox 109 745 1288 835; baseline 0.003 -23"><span class='ocrx_word' id='word_1_9' title='bbox 109 747 286 827; x_wconf 88' lang='lat' dir='ltr'>volumus,</span> <span class='ocrx_word' id='word_1_10' title='bbox 328 767 407 813; x_wconf 91' lang='lat' dir='ltr'>cum</span> <span class='ocrx_word' id='word_1_11' title='bbox 452 745 495 812; x_wconf 91' lang='lat' dir='ltr'>ad</span> <span class='ocrx_word' id='word_1_12' title='bbox 540 746 607 813; x_wconf 93' lang='lat' dir='ltr'>hoc</span> <span class='ocrx_word' id='word_1_13' title='bbox 648 747 967 814; x_wconf 86' lang='lat' dir='ltr'>commentariolum</span> <span class='ocrx_word' id='word_1_14' title='bbox 1008 746 1193 835; x_wconf 87' lang='lat' dir='ltr'>permagni</span> <span class='ocrx_word' id='word_1_15' title='bbox 1231 746 1288 817; x_wconf 85' lang='lat' dir='ltr'>sit.</span> 
     </span>
     <span class='ocr_line' id='line_1_4' title="bbox 109 852 1289 941; baseline 0.003 -23"><span class='ocrx_word' id='word_1_16' title='bbox 109 852 331 941; x_wconf 84' lang='lat' dir='ltr'>Quamquam</span> <span class='ocrx_word' id='word_1_17' title='bbox 354 863 468 918; x_wconf 88' lang='lat' dir='ltr'>autem</span> <span class='ocrx_word' id='word_1_18' title='bbox 494 865 640 919; x_wconf 88' lang='lat' dir='ltr'>metrum</span> <span class='ocrx_word' id='word_1_19' title='bbox 666 853 847 920; x_wconf 92' lang='lat' dir='ltr'>iambicum</span> <span class='ocrx_word' id='word_1_20' title='bbox 865 876 884 921; x_wconf 88' lang='lat' dir='ltr'>e</span> <span class='ocrx_word' id='word_1_21' title='bbox 903 854 1041 922; x_wconf 91' lang='lat' dir='ltr'>duobus</span> <span class='ocrx_word' id='word_1_22' title='bbox 1059 853 1181 922; x_wconf 87' lang='lat' dir='ltr'>iambis</span> <span class='ocrx_word' id='word_1_23' title='bbox 1206 875 1289 923; x_wconf 89' lang='lat' dir='ltr'>esse</span> 
     </span>
     <span class='ocr_line' id='line_1_5' title="bbox 109 958 1285 1050; baseline 0.002 -24"><span class='ocrx_word' id='word_1_24' title='bbox 109 959 339 1047; x_wconf 91' lang='lat' dir='ltr'>compositum</span> <span class='ocrx_word' id='word_1_25' title='bbox 367 965 403 1040; x_wconf 51' lang='grc' dir='ltr'>(υ</span> <span class='ocrx_word' id='word_1_26' title='bbox 430 999 457 1006; x_wconf 88' lang='grc'><strong>-</strong></span> <span class='ocrx_word' id='word_1_27' title='bbox 485 995 511 1010; x_wconf 54' lang='grc' dir='ltr'><strong>υ</strong></span> <span class='ocrx_word' id='word_1_28' title='bbox 538 962 577 1044; x_wconf 90' lang='grc'>-)</span> <span class='ocrx_word' id='word_1_29' title='bbox 601 958 774 1047; x_wconf 84' lang='lat' dir='ltr'>intellego,</span> <span class='ocrx_word' id='word_1_30' title='bbox 804 972 918 1027; x_wconf 91' lang='lat' dir='ltr'>tamen</span> <span class='ocrx_word' id='word_1_31' title='bbox 948 960 980 1027; x_wconf 93' lang='lat' dir='ltr'>in</span> <span class='ocrx_word' id='word_1_32' title='bbox 1012 961 1079 1028; x_wconf 89' lang='lat' dir='ltr'>hoc</span> <span class='ocrx_word' id='word_1_33' title='bbox 1112 960 1285 1050; x_wconf 91' lang='lat' dir='ltr'>opusculo</span> 
     </span>
     <span class='ocr_line' id='line_1_6' title="bbox 108 1065 1288 1156; baseline 0.001 -22"><span class='ocrx_word' id='word_1_34' title='bbox 108 1067 298 1134; x_wconf 84' lang='lat' dir='ltr'>trimetrum</span> <span class='ocrx_word' id='word_1_35' title='bbox 339 1065 521 1133; x_wconf 89' lang='lat' dir='ltr'>iambicum</span> <span class='ocrx_word' id='word_1_36' title='bbox 566 1067 598 1132; x_wconf 93' lang='lat' dir='ltr'>in</span> <span class='ocrx_word' id='word_1_37' title='bbox 634 1089 698 1133; x_wconf 87' lang='lat' dir='ltr'>sex</span> <span class='ocrx_word' id='word_1_38' title='bbox 734 1067 842 1156; x_wconf 86' lang='lat' dir='ltr'>pedes</span> <span class='ocrx_word' id='word_1_39' title='bbox 880 1066 1042 1146; x_wconf 88' lang='lat' dir='ltr'>dividam,</span> <span class='ocrx_word' id='word_1_40' title='bbox 1082 1080 1119 1135; x_wconf 89' lang='lat' dir='ltr'>ut</span> <span class='ocrx_word' id='word_1_41' title='bbox 1154 1067 1288 1136; x_wconf 78' lang='lat' dir='ltr'>facilius</span> 
     </span>
     <span class='ocr_line' id='line_1_7' title="bbox 109 1172 1289 1262; baseline 0.001 -21"><span class='ocrx_word' id='word_1_42' title='bbox 109 1186 212 1261; x_wconf 89' lang='lat' dir='ltr'>atque</span> <span class='ocrx_word' id='word_1_43' title='bbox 237 1172 423 1260; x_wconf 88' lang='lat' dir='ltr'>simplicius</span> <span class='ocrx_word' id='word_1_44' title='bbox 455 1173 498 1239; x_wconf 91' lang='lat' dir='ltr'>de</span> <span class='ocrx_word' id='word_1_45' title='bbox 531 1173 583 1240; x_wconf 91' lang='lat' dir='ltr'>his</span> <span class='ocrx_word' id='word_1_46' title='bbox 607 1172 713 1241; x_wconf 85' lang='lat' dir='ltr'>rebus</span> <span class='ocrx_word' id='word_1_47' title='bbox 738 1195 844 1256; x_wconf 87' lang='lat' dir='ltr'>agere</span> <span class='ocrx_word' id='word_1_48' title='bbox 868 1173 1010 1262; x_wconf 83' lang='lat' dir='ltr'>possim.</span> <span class='ocrx_word' id='word_1_49' title='bbox 1058 1173 1160 1242; x_wconf 87' lang='lat' dir='ltr'>Nunc</span> <span class='ocrx_word' id='word_1_50' title='bbox 1173 1195 1289 1262; x_wconf 86' lang='lat' dir='ltr'>pauca</span> 
     </span>
     <span class='ocr_line' id='line_1_8' title="bbox 109 1279 1288 1370; baseline 0 -22"><span class='ocrx_word' id='word_1_51' title='bbox 109 1281 256 1370; x_wconf 85' lang='lat' dir='ltr'>praefari</span> <span class='ocrx_word' id='word_1_52' title='bbox 280 1281 362 1348; x_wconf 92' lang='lat' dir='ltr'>volo</span> <span class='ocrx_word' id='word_1_53' title='bbox 387 1281 430 1347; x_wconf 91' lang='lat' dir='ltr'>de</span> <span class='ocrx_word' id='word_1_54' title='bbox 455 1280 610 1347; x_wconf 88' lang='lat' dir='ltr'>trimetro</span> <span class='ocrx_word' id='word_1_55' title='bbox 635 1279 783 1347; x_wconf 91' lang='lat' dir='ltr'>iambico</span> <span class='ocrx_word' id='word_1_56' title='bbox 808 1279 982 1359; x_wconf 88' lang='lat' dir='ltr'>universo,</span> <span class='ocrx_word' id='word_1_57' title='bbox 1017 1282 1060 1347; x_wconf 90' lang='lat' dir='ltr'>de</span> <span class='ocrx_word' id='word_1_58' title='bbox 1084 1302 1154 1368; x_wconf 89' lang='lat' dir='ltr'>quo</span> <span class='ocrx_word' id='word_1_59' title='bbox 1172 1280 1288 1349; x_wconf 59' lang='lat' dir='ltr'>,Wilass</span> 
     </span>
     <span class='ocr_line' id='line_1_9' title="bbox 107 1385 1289 1474; baseline 0 -18"><span class='ocrx_word' id='word_1_60' title='bbox 107 1388 280 1473; x_wconf 87' lang='lat' dir='ltr'>mowitz¹)</span> <span class='ocrx_word' id='word_1_61' title='bbox 318 1387 455 1454; x_wconf 89' lang='lat' dir='ltr'>disserit</span> <span class='ocrx_word' id='word_1_62' title='bbox 494 1389 594 1454; x_wconf 87' lang='lat' dir='ltr'>haec:</span> <span class='ocrx_word' id='word_1_63' title='bbox 642 1385 734 1469; x_wconf 87' lang='lat' dir='ltr'>„Der</span> <span class='ocrx_word' id='word_1_64' title='bbox 771 1385 964 1474; x_wconf 88' lang='lat' dir='ltr'>jambische</span> <span class='ocrx_word' id='word_1_65' title='bbox 998 1386 1180 1469; x_wconf 89' lang='lat' dir='ltr'>Trimeter,</span> <span class='ocrx_word' id='word_1_66' title='bbox 1220 1388 1289 1456; x_wconf 85' lang='lat' dir='ltr'>das-</span> 
     </span>
     <span class='ocr_line' id='line_1_10' title="bbox 108 1494 1284 1583; baseline 0.001 -23"><span class='ocrx_word' id='word_1_67' title='bbox 108 1499 235 1580; x_wconf 76' lang='grc' dir='ltr'>μᾰλιστα</span> <span class='ocrx_word' id='word_1_68' title='bbox 258 1497 390 1559; x_wconf 70' lang='grc' dir='ltr'>λεκτικὸν</span> <span class='ocrx_word' id='word_1_69' title='bbox 415 1500 531 1583; x_wconf 78' lang='grc' dir='ltr'>μέτρον,</span> <span class='ocrx_word' id='word_1_70' title='bbox 559 1495 602 1560; x_wconf 91' lang='lat' dir='ltr'>ist</span> <span class='ocrx_word' id='word_1_71' title='bbox 626 1494 680 1561; x_wconf 89' lang='lat' dir='ltr'>ein</span> <span class='ocrx_word' id='word_1_72' title='bbox 705 1495 954 1561; x_wconf 82' lang='lat' dir='ltr'>wonderbares</span> <span class='ocrx_word' id='word_1_73' title='bbox 980 1495 1189 1562; x_wconf 86' lang='lat' dir='ltr'>lnstrumcnt</span> <span class='ocrx_word' id='word_1_74' title='bbox 1212 1494 1284 1561; x_wconf 90' lang='lat' dir='ltr'>und</span> 
     </span>
     <span class='ocr_line' id='line_1_11' title="bbox 108 1584 1289 1689; baseline -0.004 -19"><span class='ocrx_word' id='word_1_75' title='bbox 108 1603 200 1670; x_wconf 91' lang='lat' dir='ltr'>doch</span> <span class='ocrx_word' id='word_1_76' title='bbox 232 1603 355 1669; x_wconf 89' lang='lat' dir='ltr'>immer</span> <span class='ocrx_word' id='word_1_77' title='bbox 389 1604 598 1689; x_wconf 86' lang='lat' dir='ltr'>gebundene</span> <span class='ocrx_word' id='word_1_78' title='bbox 632 1601 742 1681; x_wconf 88' lang='lat' dir='ltr'>Rede,</span> <span class='ocrx_word' id='word_1_79' title='bbox 778 1600 931 1687; x_wconf 79' lang='lat' dir='ltr'>belahigt</span> <span class='ocrx_word' id='word_1_80' title='bbox 968 1584 1148 1668; x_wconf 38' lang='lat' dir='ltr'>von&#39;dem</span> <span class='ocrx_word' id='word_1_81' title='bbox 1186 1605 1289 1689; x_wconf 77' lang='grc' dir='ltr'><strong>ἰσχνόν</strong></span> 
     </span>
     <span class='ocr_line' id='line_1_12' title="bbox 107 1699 1340 1784; baseline -0.001 -7"><span class='ocrx_word' id='word_1_82' title='bbox 107 1712 176 1777; x_wconf 92' lang='lat' dir='ltr'>und</span> <span class='ocrx_word' id='word_1_83' title='bbox 203 1699 326 1784; x_wconf 77' lang='grc' dir='ltr'>εὐτελές</span> <span class='ocrx_word' id='word_1_84' title='bbox 342 1708 406 1776; x_wconf 90' lang='lat' dir='ltr'>der</span> <span class='ocrx_word' id='word_1_85' title='bbox 419 1708 678 1775; x_wconf 88' lang='lat' dir='ltr'>Konversation</span> <span class='ocrx_word' id='word_1_86' title='bbox 703 1709 774 1775; x_wconf 92' lang='lat' dir='ltr'>und</span> <span class='ocrx_word' id='word_1_87' title='bbox 799 1708 891 1775; x_wconf 90' lang='lat' dir='ltr'>ihrer</span> <span class='ocrx_word' id='word_1_88' title='bbox 915 1712 1005 1773; x_wconf 73' lang='lat' dir='ltr'>totta</span> <span class='ocrx_word' id='word_1_89' title='bbox 1028 1707 1081 1775; x_wconf 95' lang='lat' dir='ltr'>bis</span> <span class='ocrx_word' id='word_1_90' title='bbox 1105 1730 1183 1775; x_wconf 89' lang='lat' dir='ltr'>zum</span> <span class='ocrx_word' id='word_1_91' title='bbox 1209 1708 1284 1776; x_wconf 70' lang='lat' dir='ltr'>rho</span> <span class='ocrx_word' id='word_1_92' title='bbox 1336 1729 1340 1737; x_wconf 83' lang='grc'><strong>’</strong></span> 
     </span>
     <span class='ocr_line' id='line_1_13' title="bbox 108 1814 1285 1902; baseline -0.003 -17"><span class='ocrx_word' id='word_1_93' title='bbox 108 1818 280 1885; x_wconf 91' lang='lat' dir='ltr'>torischen</span> <span class='ocrx_word' id='word_1_94' title='bbox 299 1821 389 1881; x_wconf 68' lang='grc' dir='ltr'>δεινόν</span> <span class='ocrx_word' id='word_1_95' title='bbox 406 1818 475 1883; x_wconf 88' lang='lat' dir='ltr'>und</span> <span class='ocrx_word' id='word_1_96' title='bbox 494 1838 571 1882; x_wconf 88' lang='lat' dir='ltr'>zum</span> <span class='ocrx_word' id='word_1_97' title='bbox 594 1815 791 1901; x_wconf 87' lang='lat' dir='ltr'>tragischen</span> <span class='ocrx_word' id='word_1_98' title='bbox 817 1821 921 1899; x_wconf 81' lang='grc' dir='ltr'>σεμνόν</span> <span class='ocrx_word' id='word_1_99' title='bbox 945 1838 987 1881; x_wconf 92' lang='lat' dir='ltr'>zu</span> <span class='ocrx_word' id='word_1_100' title='bbox 1012 1814 1177 1902; x_wconf 80' lang='lat' dir='ltr'>steigen.⁰</span> <span class='ocrx_word' id='word_1_101' title='bbox 1228 1815 1285 1882; x_wconf 82' lang='lat' dir='ltr'>Ac</span> 
     </span>
     <span class='ocr_line' id='line_1_14' title="bbox 108 1921 1288 2014; baseline 0 -23"><span class='ocrx_word' id='word_1_102' title='bbox 108 1924 253 2014; x_wconf 86' lang='lat' dir='ltr'>primurn</span> <span class='ocrx_word' id='word_1_103' title='bbox 277 1923 415 2011; x_wconf 91' lang='lat' dir='ltr'>quidem</span> <span class='ocrx_word' id='word_1_104' title='bbox 440 1922 682 2012; x_wconf 86' lang='lat' dir='ltr'>iambographi</span> <span class='ocrx_word' id='word_1_105' title='bbox 706 1922 737 1989; x_wconf 90' lang='lat' dir='ltr'>in</span> <span class='ocrx_word' id='word_1_106' title='bbox 763 1922 834 1990; x_wconf 93' lang='lat' dir='ltr'>suis</span> <span class='ocrx_word' id='word_1_107' title='bbox 859 1921 1068 1989; x_wconf 88' lang='lat' dir='ltr'>carminibus</span> <span class='ocrx_word' id='word_1_108' title='bbox 1093 1933 1288 2011; x_wconf 85' lang='lat' dir='ltr'>anapaesto</span> 
     </span>
     <span class='ocr_line' id='line_1_15' title="bbox 107 2028 1290 2119; baseline 0 -21"><span class='ocrx_word' id='word_1_109' title='bbox 107 2030 208 2119; x_wconf 87' lang='lat' dir='ltr'>plane</span> <span class='ocrx_word' id='word_1_110' title='bbox 241 2030 422 2109; x_wconf 89' lang='lat' dir='ltr'>abstinent,</span> <span class='ocrx_word' id='word_1_111' title='bbox 454 2029 717 2117; x_wconf 89' lang='lat' dir='ltr'>solutionesque</span> <span class='ocrx_word' id='word_1_112' title='bbox 748 2028 921 2096; x_wconf 88' lang='lat' dir='ltr'>rarissime</span> <span class='ocrx_word' id='word_1_113' title='bbox 951 2029 1143 2097; x_wconf 84' lang='lat' dir='ltr'>admittunt.</span> <span class='ocrx_word' id='word_1_114' title='bbox 1190 2029 1290 2098; x_wconf 89' lang='lat' dir='ltr'>Inter·</span> 
     </span>
     <span class='ocr_line' id='line_1_16' title="bbox 107 2136 1286 2225; baseline -0.001 -20"><span class='ocrx_word' id='word_1_115' title='bbox 107 2150 220 2205; x_wconf 84' lang='lat' dir='ltr'>autem</span> <span class='ocrx_word' id='word_1_116' title='bbox 244 2149 366 2225; x_wconf 89' lang='lat' dir='ltr'>poetas</span> <span class='ocrx_word' id='word_1_117' title='bbox 391 2136 544 2224; x_wconf 82' lang='lat' dir='ltr'>tragicos</span> <span class='ocrx_word' id='word_1_118' title='bbox 559 2137 758 2224; x_wconf 83' lang='lat' dir='ltr'>Aeschylus</span> <span class='ocrx_word' id='word_1_119' title='bbox 784 2137 975 2204; x_wconf 86' lang='lat' dir='ltr'>solutiones</span> <span class='ocrx_word' id='word_1_120' title='bbox 1000 2158 1068 2204; x_wconf 93' lang='lat' dir='ltr'>non</span> <span class='ocrx_word' id='word_1_121' title='bbox 1085 2138 1211 2205; x_wconf 88' lang='lat' dir='ltr'>multas</span> <span class='ocrx_word' id='word_1_122' title='bbox 1228 2138 1286 2225; x_wconf 51' lang='lat' dir='ltr'>ad&lt;</span> 
     </span>
     <span class='ocr_line' id='line_1_17' title="bbox 107 2243 1282 2332; baseline 0 -20"><span class='ocrx_word' id='word_1_123' title='bbox 107 2245 211 2323; x_wconf 87' lang='lat' dir='ltr'>hibet,</span> <span class='ocrx_word' id='word_1_124' title='bbox 235 2260 316 2311; x_wconf 88' lang='lat' dir='ltr'>raro</span> <span class='ocrx_word' id='word_1_125' title='bbox 337 2245 424 2310; x_wconf 90' lang='lat' dir='ltr'>duas</span> <span class='ocrx_word' id='word_1_126' title='bbox 443 2267 512 2311; x_wconf 89' lang='lat' dir='ltr'>uno</span> <span class='ocrx_word' id='word_1_127' title='bbox 536 2245 567 2310; x_wconf 92' lang='lat' dir='ltr'>in</span> <span class='ocrx_word' id='word_1_128' title='bbox 586 2266 707 2325; x_wconf 88' lang='lat' dir='ltr'>versu;</span> <span class='ocrx_word' id='word_1_129' title='bbox 731 2243 929 2332; x_wconf 86' lang='lat' dir='ltr'>Sophocles</span> <span class='ocrx_word' id='word_1_130' title='bbox 953 2256 1006 2311; x_wconf 88' lang='lat' dir='ltr'>est</span> <span class='ocrx_word' id='word_1_131' title='bbox 1032 2244 1161 2312; x_wconf 89' lang='lat' dir='ltr'>maiore</span> <span class='ocrx_word' id='word_1_132' title='bbox 1184 2243 1282 2312; x_wconf 88' lang='lat' dir='ltr'>licen·</span> 
     </span>
     <span class='ocr_line' id='line_1_18' title="bbox 107 2349 1287 2438; baseline 0 -20"><span class='ocrx_word' id='word_1_133' title='bbox 107 2351 162 2428; x_wconf 87' lang='lat' dir='ltr'>tia,</span> <span class='ocrx_word' id='word_1_134' title='bbox 198 2350 370 2438; x_wconf 86' lang='lat' dir='ltr'>Euripidis</span> <span class='ocrx_word' id='word_1_135' title='bbox 404 2351 435 2417; x_wconf 94' lang='lat' dir='ltr'>in</span> <span class='ocrx_word' id='word_1_136' title='bbox 468 2349 623 2417; x_wconf 88' lang='lat' dir='ltr'>trimetro</span> <span class='ocrx_word' id='word_1_137' title='bbox 661 2353 785 2418; x_wconf 91' lang='lat' dir='ltr'>crebro</span> <span class='ocrx_word' id='word_1_138' title='bbox 821 2351 1012 2418; x_wconf 89' lang='lat' dir='ltr'>solutiones</span> <span class='ocrx_word' id='word_1_139' title='bbox 1043 2350 1287 2429; x_wconf 82' lang='lat' dir='ltr'>inveniuntur;</span> 
     </span>
     <span class='ocr_line' id='line_1_19' title="bbox 107 2457 1288 2546; baseline 0 -21"><span class='ocrx_word' id='word_1_140' title='bbox 107 2471 315 2546; x_wconf 88' lang='lat' dir='ltr'>anapaestos</span> <span class='ocrx_word' id='word_1_141' title='bbox 341 2470 454 2524; x_wconf 89' lang='lat' dir='ltr'>autem</span> <span class='ocrx_word' id='word_1_142' title='bbox 480 2457 600 2545; x_wconf 89' lang='lat' dir='ltr'>tragici</span> <span class='ocrx_word' id='word_1_143' title='bbox 626 2469 751 2544; x_wconf 89' lang='lat' dir='ltr'>poetae</span> <span class='ocrx_word' id='word_1_144' title='bbox 775 2458 957 2526; x_wconf 86' lang='lat' dir='ltr'>admittunt</span> <span class='ocrx_word' id='word_1_145' title='bbox 984 2457 1015 2524; x_wconf 96' lang='lat' dir='ltr'>in</span> <span class='ocrx_word' id='word_1_146' title='bbox 1042 2457 1182 2525; x_wconf 89' lang='lat' dir='ltr'>nomina</span> <span class='ocrx_word' id='word_1_147' title='bbox 1206 2480 1288 2546; x_wconf 83' lang='lat' dir='ltr'>pro-</span> 
     </span>
     <span class='ocr_line' id='line_1_20' title="bbox 107 2563 1281 2654; baseline 0.002 -23"><span class='ocrx_word' id='word_1_148' title='bbox 107 2565 190 2654; x_wconf 88' lang='lat' dir='ltr'>pria,</span> <span class='ocrx_word' id='word_1_149' title='bbox 222 2565 285 2632; x_wconf 92' lang='lat' dir='ltr'>sed</span> <span class='ocrx_word' id='word_1_150' title='bbox 311 2565 393 2631; x_wconf 87' lang='lat' dir='ltr'>alias</span> <span class='ocrx_word' id='word_1_151' title='bbox 419 2565 450 2630; x_wconf 94' lang='lat' dir='ltr'>in</span> <span class='ocrx_word' id='word_1_152' title='bbox 476 2585 583 2631; x_wconf 91' lang='lat' dir='ltr'>voces</span> <span class='ocrx_word' id='word_1_153' title='bbox 608 2576 738 2631; x_wconf 87' lang='lat' dir='ltr'>tanturn</span> <span class='ocrx_word' id='word_1_154' title='bbox 764 2566 908 2653; x_wconf 89' lang='lat' dir='ltr'>primam</span> <span class='ocrx_word' id='word_1_155' title='bbox 935 2567 965 2632; x_wconf 85' lang='lat' dir='ltr'>in</span> <span class='ocrx_word' id='word_1_156' title='bbox 991 2565 1160 2647; x_wconf 63' lang='lat' dir='ltr'>sedeml&#39;).</span> <span class='ocrx_word' id='word_1_157' title='bbox 1208 2563 1281 2635; x_wconf 87' lang='lat' dir='ltr'>Sed</span> 
     </span>
     <span class='ocr_line' id='line_1_21' title="bbox 107 2671 1287 2760; baseline 0 -21"><span class='ocrx_word' id='word_1_158' title='bbox 107 2671 228 2740; x_wconf 84' lang='lat' dir='ltr'>cornici</span> <span class='ocrx_word' id='word_1_159' title='bbox 260 2684 384 2760; x_wconf 88' lang='lat' dir='ltr'>poetae</span> <span class='ocrx_word' id='word_1_160' title='bbox 418 2671 578 2760; x_wconf 88' lang='lat' dir='ltr'>quoniam</span> <span class='ocrx_word' id='word_1_161' title='bbox 612 2692 829 2738; x_wconf 87' lang='lat' dir='ltr'>communem</span> <span class='ocrx_word' id='word_1_162' title='bbox 858 2672 956 2758; x_wconf 86' lang='lat' dir='ltr'>vulgi</span> <span class='ocrx_word' id='word_1_163' title='bbox 984 2693 1182 2740; x_wconf 87' lang='lat' dir='ltr'>sermonem</span> <span class='ocrx_word' id='word_1_164' title='bbox 1213 2671 1287 2739; x_wconf 82' lang='lat' dir='ltr'>imi-</span> 
     </span>
     <span class='ocr_line' id='line_1_22' title="bbox 106 2778 1286 2853; baseline 0.002 -7"><span class='ocrx_word' id='word_1_165' title='bbox 106 2792 231 2853; x_wconf 84' lang='lat' dir='ltr'>tantur.</span> <span class='ocrx_word' id='word_1_166' title='bbox 286 2778 316 2845; x_wconf 93' lang='lat' dir='ltr'>in</span> <span class='ocrx_word' id='word_1_167' title='bbox 373 2779 524 2846; x_wconf 90' lang='lat' dir='ltr'>numeris</span> <span class='ocrx_word' id='word_1_168' title='bbox 586 2778 759 2845; x_wconf 90' lang='lat' dir='ltr'>variandis</span> <span class='ocrx_word' id='word_1_169' title='bbox 812 2791 893 2846; x_wconf 88' lang='lat' dir='ltr'>sunt</span> <span class='ocrx_word' id='word_1_170' title='bbox 945 2779 1052 2846; x_wconf 88' lang='lat' dir='ltr'>multo</span> <span class='ocrx_word' id='word_1_171' title='bbox 1099 2778 1286 2848; x_wconf 79' lang='lat' dir='ltr'>liberiores</span> 
     </span>
     <span class='ocr_line' id='line_1_23' title="bbox 107 2884 1289 2957; baseline 0.002 -4"><span class='ocrx_word' id='word_1_172' title='bbox 107 2885 239 2957; x_wconf 90' lang='lat' dir='ltr'>ceteris.</span> <span class='ocrx_word' id='word_1_173' title='bbox 287 2885 442 2952; x_wconf 87' lang='lat' dir='ltr'>Eandem</span> <span class='ocrx_word' id='word_1_174' title='bbox 475 2884 645 2952; x_wconf 88' lang='lat' dir='ltr'>licentiam</span> <span class='ocrx_word' id='word_1_175' title='bbox 678 2886 708 2951; x_wconf 95' lang='lat' dir='ltr'>in</span> <span class='ocrx_word' id='word_1_176' title='bbox 740 2885 857 2953; x_wconf 84' lang='lat' dir='ltr'>metris</span> <span class='ocrx_word' id='word_1_177' title='bbox 889 2886 1042 2953; x_wconf 91' lang='lat' dir='ltr'>iambicis</span> <span class='ocrx_word' id='word_1_178' title='bbox 1066 2884 1177 2954; x_wconf 88' lang='lat' dir='ltr'>secuti</span> <span class='ocrx_word' id='word_1_179' title='bbox 1200 2885 1289 2955; x_wconf 69' lang='lat' dir='ltr'>sunt</span> 
     </span>
     <span class='ocr_line' id='line_1_24' title="bbox 106 2979 1286 3081; baseline 0.002 -21"><span class='ocrx_word' id='word_1_180' title='bbox 106 3005 227 3081; x_wconf 89' lang='lat' dir='ltr'>postea</span> <span class='ocrx_word' id='word_1_181' title='bbox 252 3004 376 3080; x_wconf 86' lang='lat' dir='ltr'>poetae</span> <span class='ocrx_word' id='word_1_182' title='bbox 402 2979 568 3072; x_wconf 88' lang='lat' dir='ltr'>didactici,</span> <span class='ocrx_word' id='word_1_183' title='bbox 603 3004 639 3059; x_wconf 91' lang='lat' dir='ltr'>ut</span> <span class='ocrx_word' id='word_1_184' title='bbox 664 2992 908 3081; x_wconf 82' lang='lat' dir='ltr'>Apollodorus,</span> <span class='ocrx_word' id='word_1_185' title='bbox 935 2992 1286 3078; x_wconf 65' lang='lat' dir='ltr'>Pseudo-Scymnusr</span> 
     </span>
     <span class='ocr_line' id='line_1_25' title="bbox 107 3099 1286 3189; baseline 0.003 -23"><span class='ocrx_word' id='word_1_186' title='bbox 107 3099 308 3186; x_wconf 86' lang='lat' dir='ltr'>Dionysius,</span> <span class='ocrx_word' id='word_1_187' title='bbox 335 3099 575 3180; x_wconf 82' lang='lat' dir='ltr'>Damocrates,</span> <span class='ocrx_word' id='word_1_188' title='bbox 607 3111 729 3167; x_wconf 90' lang='lat' dir='ltr'>auctor</span> <span class='ocrx_word' id='word_1_189' title='bbox 751 3099 940 3187; x_wconf 86' lang='lat' dir='ltr'>Sphaerae,</span> <span class='ocrx_word' id='word_1_190' title='bbox 967 3099 1025 3187; x_wconf 91' lang='lat' dir='ltr'>qui</span> <span class='ocrx_word' id='word_1_191' title='bbox 1049 3099 1286 3189; x_wconf 86' lang='lat' dir='ltr'>Empedocles</span> 
     </span>
     <span class='ocr_line' id='line_1_26' title="bbox 107 3205 1282 3295; baseline 0.001 -22"><span class='ocrx_word' id='word_1_192' title='bbox 107 3229 186 3273; x_wconf 90' lang='lat' dir='ltr'>esse</span> <span class='ocrx_word' id='word_1_193' title='bbox 210 3206 374 3287; x_wconf 71' lang='lat' dir='ltr'>dicituru.</span> <span class='ocrx_word' id='word_1_194' title='bbox 423 3205 470 3273; x_wconf 90' lang='lat' dir='ltr'>Illi</span> <span class='ocrx_word' id='word_1_195' title='bbox 495 3218 608 3273; x_wconf 90' lang='lat' dir='ltr'>autem</span> <span class='ocrx_word' id='word_1_196' title='bbox 634 3218 757 3293; x_wconf 88' lang='lat' dir='ltr'>poetae</span> <span class='ocrx_word' id='word_1_197' title='bbox 782 3206 940 3274; x_wconf 91' lang='lat' dir='ltr'>didactici</span> <span class='ocrx_word' id='word_1_198' title='bbox 956 3220 1213 3295; x_wconf 89' lang='lat' dir='ltr'>usurpaverunt</span> <span class='ocrx_word' id='word_1_199' title='bbox 1228 3208 1282 3275; x_wconf 92' lang='lat' dir='ltr'>tri·</span> 
     </span>
     <span class='ocr_line' id='line_1_27' title="bbox 106 3312 1286 3402; baseline 0.002 -22"><span class='ocrx_word' id='word_1_200' title='bbox 106 3328 253 3380; x_wconf 89' lang='lat' dir='ltr'>metrum</span> <span class='ocrx_word' id='word_1_201' title='bbox 279 3313 458 3392; x_wconf 83' lang='lat' dir='ltr'>comicum,</span> <span class='ocrx_word' id='word_1_202' title='bbox 489 3314 582 3399; x_wconf 92' lang='lat' dir='ltr'>quod</span> <span class='ocrx_word' id='word_1_203' title='bbox 617 3312 671 3379; x_wconf 90' lang='lat' dir='ltr'>ille</span> <span class='ocrx_word' id='word_1_204' title='bbox 696 3313 891 3402; x_wconf 88' lang='lat' dir='ltr'>anapaestis</span> <span class='ocrx_word' id='word_1_205' title='bbox 917 3313 1098 3382; x_wconf 90' lang='lat' dir='ltr'>tribrachis</span> <span class='ocrx_word' id='word_1_206' title='bbox 1124 3313 1286 3402; x_wconf 89' lang='lat' dir='ltr'>dactylis·</span> 
     </span>
     <span class='ocr_line' id='line_1_28' title="bbox 106 3419 1285 3510; baseline 0 -23"><span class='ocrx_word' id='word_1_207' title='bbox 106 3442 174 3507; x_wconf 87' lang='lat' dir='ltr'>que</span> <span class='ocrx_word' id='word_1_208' title='bbox 206 3419 366 3487; x_wconf 90' lang='lat' dir='ltr'>admissis</span> <span class='ocrx_word' id='word_1_209' title='bbox 384 3421 425 3485; x_wconf 92' lang='lat' dir='ltr'>ad</span> <span class='ocrx_word' id='word_1_210' title='bbox 454 3420 592 3485; x_wconf 92' lang='lat' dir='ltr'>nomina</span> <span class='ocrx_word' id='word_1_211' title='bbox 626 3442 862 3508; x_wconf 89' lang='lat' dir='ltr'>numerosque</span> <span class='ocrx_word' id='word_1_212' title='bbox 886 3420 993 3487; x_wconf 85' lang='lat' dir='ltr'>textui</span> <span class='ocrx_word' id='word_1_213' title='bbox 1017 3420 1201 3488; x_wconf 85' lang='lat' dir='ltr'>inserenda</span> <span class='ocrx_word' id='word_1_214' title='bbox 1224 3440 1285 3510; x_wconf 90' lang='lat' dir='ltr'>ap·</span> 
     </span>
     <span class='ocr_line' id='line_1_29' title="bbox 106 3525 1286 3615; baseline 0.002 -22"><span class='ocrx_word' id='word_1_215' title='bbox 106 3526 258 3594; x_wconf 89' lang='lat' dir='ltr'>tissimus</span> <span class='ocrx_word' id='word_1_216' title='bbox 283 3539 366 3592; x_wconf 87' lang='lat' dir='ltr'>erat.</span> <span class='ocrx_word' id='word_1_217' title='bbox 414 3525 634 3593; x_wconf 85' lang='lat' dir='ltr'>Posteriores</span> <span class='ocrx_word' id='word_1_218' title='bbox 657 3539 782 3615; x_wconf 90' lang='lat' dir='ltr'>poetae</span> <span class='ocrx_word' id='word_1_219' title='bbox 807 3525 965 3594; x_wconf 88' lang='lat' dir='ltr'>didactici</span> <span class='ocrx_word' id='word_1_220' title='bbox 990 3539 1026 3593; x_wconf 89' lang='lat' dir='ltr'>ut</span> <span class='ocrx_word' id='word_1_221' title='bbox 1050 3527 1286 3595; x_wconf 73' lang='lat' dir='ltr'>Democrates</span> 
     </span>
     <span class='ocr_line' id='line_1_30' title="bbox 106 3632 1286 3720; baseline -0.001 -19"><span class='ocrx_word' id='word_1_222' title='bbox 106 3646 139 3701; x_wconf 93' lang='lat' dir='ltr'>et</span> <span class='ocrx_word' id='word_1_223' title='bbox 155 3645 277 3700; x_wconf 91' lang='lat' dir='ltr'>auctor</span> <span class='ocrx_word' id='word_1_224' title='bbox 294 3632 474 3720; x_wconf 86' lang='lat' dir='ltr'>Sphaerae</span> <span class='ocrx_word' id='word_1_225' title='bbox 499 3655 620 3699; x_wconf 90' lang='lat' dir='ltr'>rursus</span> <span class='ocrx_word' id='word_1_226' title='bbox 640 3634 683 3699; x_wconf 92' lang='lat' dir='ltr'>ad</span> <span class='ocrx_word' id='word_1_227' title='bbox 702 3633 877 3700; x_wconf 90' lang='lat' dir='ltr'>trimetros</span> <span class='ocrx_word' id='word_1_228' title='bbox 902 3634 972 3700; x_wconf 85' lang='lat' dir='ltr'>lere</span> <span class='ocrx_word' id='word_1_229' title='bbox 997 3633 1151 3720; x_wconf 87' lang='lat' dir='ltr'>tragicos</span> <span class='ocrx_word' id='word_1_230' title='bbox 1166 3654 1286 3701; x_wconf 79' lang='lat' dir='ltr'>rever·</span> 
     </span>
     <span class='ocr_line' id='line_1_31' title="bbox 105 3752 229 3812; baseline 0.04 -5"><span class='ocrx_word' id='word_1_231' title='bbox 105 3752 229 3812; x_wconf 89' lang='lat' dir='ltr'>terunt.</span> 
     </span>
    </p>
   </div>
   <div class='ocr_carea' id='block_1_3' title="bbox 104 3891 1296 4367">
    <p class='ocr_par' dir='ltr' id='par_1_3' title="bbox 197 3891 1280 3965">
     <span class='ocr_line' id='line_1_32' title="bbox 197 3891 1280 3965; baseline 0.002 -19"><span class='ocrx_word' id='word_1_232' title='bbox 197 3891 215 3959; x_wconf 89' lang='lat'>¹)</span> <span class='ocrx_word' id='word_1_233' title='bbox 236 3894 329 3947; x_wconf 90' lang='lat' dir='ltr'>annal.</span> <span class='ocrx_word' id='word_1_234' title='bbox 345 3911 411 3946; x_wconf 90' lang='lat' dir='ltr'>nov.</span> <span class='ocrx_word' id='word_1_235' title='bbox 427 3895 502 3948; x_wconf 92' lang='lat' dir='ltr'>stud.</span> <span class='ocrx_word' id='word_1_236' title='bbox 519 3906 575 3948; x_wconf 86' lang='lat' dir='ltr'>ant.</span> <span class='ocrx_word' id='word_1_237' title='bbox 589 3894 703 3963; x_wconf 88' lang='lat' dir='ltr'>Ilbergii</span> <span class='ocrx_word' id='word_1_238' title='bbox 718 3895 775 3948; x_wconf 90' lang='lat' dir='ltr'>vol.</span> <span class='ocrx_word' id='word_1_239' title='bbox 789 3894 859 3949; x_wconf 90' lang='lat' dir='ltr'>XXI</span> <span class='ocrx_word' id='word_1_240' title='bbox 874 3904 902 3948; x_wconf 87' lang='lat' dir='ltr'>ct</span> <span class='ocrx_word' id='word_1_241' title='bbox 915 3893 1000 3956; x_wconf 89' lang='lat' dir='ltr'>XXII</span> <span class='ocrx_word' id='word_1_242' title='bbox 1016 3894 1108 3963; x_wconf 75' lang='lat'>(1908)</span> <span class='ocrx_word' id='word_1_243' title='bbox 1123 3911 1152 3965; x_wconf 92' lang='lat' dir='ltr'>p.</span> <span class='ocrx_word' id='word_1_244' title='bbox 1164 3910 1200 3964; x_wconf 82' lang='lat'>35</span> <span class='ocrx_word' id='word_1_245' title='bbox 1214 3910 1280 3965; x_wconf 87' lang='lat' dir='ltr'>sqq.</span> 
     </span>
    </p>

    <p class='ocr_par' dir='ltr' id='par_1_4' title="bbox 195 3966 1296 4045">
     <span class='ocr_line' id='line_1_33' title="bbox 195 3966 1296 4045; baseline 0 -17"><span class='ocrx_word' id='word_1_246' title='bbox 195 3972 215 4037; x_wconf 81' lang='lat'>²)</span> <span class='ocrx_word' id='word_1_247' title='bbox 235 3972 395 4042; x_wconf 85' lang='lat' dir='ltr'>Gleditsch,</span> <span class='ocrx_word' id='word_1_248' title='bbox 416 3974 520 4028; x_wconf 86' lang='lat' dir='ltr'>Metrik</span> <span class='ocrx_word' id='word_1_249' title='bbox 541 3976 594 4028; x_wconf 88' lang='lat' dir='ltr'>der</span> <span class='ocrx_word' id='word_1_250' title='bbox 614 3974 759 4028; x_wconf 85' lang='lat' dir='ltr'>Griechcn</span> <span class='ocrx_word' id='word_1_251' title='bbox 780 3976 838 4029; x_wconf 95' lang='lat' dir='ltr'>und</span> <span class='ocrx_word' id='word_1_252' title='bbox 857 3975 979 4037; x_wconf 79' lang='lat' dir='ltr'>Rdmer,</span> <span class='ocrx_word' id='word_1_253' title='bbox 1000 3993 1027 4045; x_wconf 94' lang='lat' dir='ltr'>p.</span> <span class='ocrx_word' id='word_1_254' title='bbox 1050 3992 1110 4043; x_wconf 90' lang='lat'>141.</span> <span class='ocrx_word' id='word_1_255' title='bbox 1293 3966 1296 3971; x_wconf 45' lang='lat'><strong>¹</strong></span> 
     </span>
    </p>

    <p class='ocr_par' dir='ltr' id='par_1_5' title="bbox 104 4052 1287 4367">
     <span class='ocr_line' id='line_1_34' title="bbox 196 4052 1285 4126; baseline 0.001 -19"><span class='ocrx_word' id='word_1_256' title='bbox 196 4052 216 4119; x_wconf 75' lang='lat'>⁸)</span> <span class='ocrx_word' id='word_1_257' title='bbox 238 4054 282 4108; x_wconf 90' lang='lat' dir='ltr'>De</span> <span class='ocrx_word' id='word_1_258' title='bbox 312 4053 437 4108; x_wconf 92' lang='lat' dir='ltr'>iambico</span> <span class='ocrx_word' id='word_1_259' title='bbox 464 4063 558 4108; x_wconf 87' lang='lat' dir='ltr'>metro</span> <span class='ocrx_word' id='word_1_260' title='bbox 584 4062 739 4125; x_wconf 89' lang='lat' dir='ltr'>poetarum</span> <span class='ocrx_word' id='word_1_261' title='bbox 766 4054 975 4109; x_wconf 89' lang='lat' dir='ltr'>didacticorum</span> <span class='ocrx_word' id='word_1_262' title='bbox 1002 4054 1117 4126; x_wconf 76' lang='lat' dir='ltr'>jacoby</span> <span class='ocrx_word' id='word_1_263' title='bbox 1142 4055 1170 4109; x_wconf 93' lang='lat' dir='ltr'>in</span> <span class='ocrx_word' id='word_1_264' title='bbox 1206 4054 1285 4109; x_wconf 88' lang='lat' dir='ltr'>libro</span> 
     </span>
     <span class='ocr_line' id='line_1_35' title="bbox 104 4133 1287 4206; baseline 0.002 -18"><span class='ocrx_word' id='word_1_265' title='bbox 104 4152 166 4203; x_wconf 85' lang='lat' dir='ltr'>suo,</span> <span class='ocrx_word' id='word_1_266' title='bbox 199 4135 247 4205; x_wconf 88' lang='lat' dir='ltr'>qui</span> <span class='ocrx_word' id='word_1_267' title='bbox 280 4135 445 4190; x_wconf 89' lang='lat' dir='ltr'>inscribitur</span> <span class='ocrx_word' id='word_1_268' title='bbox 474 4135 668 4206; x_wconf 82' lang='lat' dir='ltr'>„Apollodors</span> <span class='ocrx_word' id='word_1_269' title='bbox 697 4136 849 4204; x_wconf 85' lang='lat' dir='ltr'>Chronik“,</span> <span class='ocrx_word' id='word_1_270' title='bbox 874 4152 901 4205; x_wconf 91' lang='lat' dir='ltr'>p.</span> <span class='ocrx_word' id='word_1_271' title='bbox 922 4138 1035 4206; x_wconf 80' lang='lat' dir='ltr'>oosqq.</span> <span class='ocrx_word' id='word_1_272' title='bbox 1057 4133 1287 4206; x_wconf 79' lang='lat' dir='ltr'>(Philologische</span> 
     </span>
     <span class='ocr_line' id='line_1_36' title="bbox 105 4215 1284 4286; baseline 0.001 -16"><span class='ocrx_word' id='word_1_273' title='bbox 105 4215 368 4286; x_wconf 86' lang='lat' dir='ltr'>Untersuchnngen</span> <span class='ocrx_word' id='word_1_274' title='bbox 389 4232 447 4270; x_wconf 91' lang='lat' dir='ltr'>von</span> <span class='ocrx_word' id='word_1_275' title='bbox 465 4215 1114 4286; x_wconf 84' lang='lat' dir='ltr'>Kiessling-v.Wilamowitz·Moellendorf‚</span> <span class='ocrx_word' id='word_1_276' title='bbox 1140 4216 1183 4271; x_wconf 88' lang='lat'>16.</span> <span class='ocrx_word' id='word_1_277' title='bbox 1201 4215 1284 4285; x_wconf 80' lang='lat' dir='ltr'>Heft,</span> 
     </span>
     <span class='ocr_line' id='line_1_37' title="bbox 106 4296 1196 4367; baseline 0.006 -18"><span class='ocrx_word' id='word_1_278' title='bbox 106 4296 203 4350; x_wconf 83' lang='lat' dir='ltr'>Berlin</span> <span class='ocrx_word' id='word_1_279' title='bbox 225 4298 312 4365; x_wconf 84' lang='lat'><strong>1902),</strong></span> <span class='ocrx_word' id='word_1_280' title='bbox 333 4305 468 4350; x_wconf 86' lang='lat' dir='ltr'>accurate</span> <span class='ocrx_word' id='word_1_281' title='bbox 489 4297 554 4367; x_wconf 85' lang='lat' dir='ltr'>egit.</span> <span class='ocrx_word' id='word_1_282' title='bbox 1194 4317 1196 4320; x_wconf 80' lang='grc'><strong>’</strong></span> 
     </span>
    </p>
   </div>
   <div class='ocr_carea' id='block_1_4' title="bbox 0 0 1524 5010">
    <p class='ocr_par' dir='ltr' id='par_1_6' title="bbox 0 0 1524 5010">
     <span class='ocr_line' id='line_1_38' title="bbox 0 0 1524 5010; baseline 0 0"><span class='ocrx_word' id='word_1_283' title='bbox 0 0 1524 5010; x_wconf 95' lang='lat' dir='ltr'> </span> 
     </span>
    </p>
   </div>
  </div>
 </body>
</html>
