<?xml version="1.0" encoding="UTF-8"?>
<!DOCTYPE html PUBLIC "-//W3C//DTD XHTML 1.0 Transitional//EN"
    "http://www.w3.org/TR/xhtml1/DTD/xhtml1-transitional.dtd">
<html xmlns="http://www.w3.org/1999/xhtml" xml:lang="en" lang="en">
 <head>
  <title>
</title>
<meta http-equiv="Content-Type" content="text/html;charset=utf-8" />
  <meta name='ocr-system' content='tesseract 3.04.00' />
  <meta name='ocr-capabilities' content='ocr_page ocr_carea ocr_par ocr_line ocrx_word'/>
</head>
<body>
  <div class='ocr_page' id='page_1' title='image "./deversumdochmia00pickgoog_0124.png"; bbox 0 0 3038 5010; ppageno 0'>
   <div class='ocr_carea' id='block_1_1' title="bbox 655 262 865 324">
    <p class='ocr_par' dir='ltr' id='par_1_1' title="bbox 655 262 865 324">
     <span class='ocr_line' id='line_1_1' title="bbox 655 262 865 324; baseline -0.005 -16"><span class='ocrx_word' id='word_1_1' title='bbox 655 262 865 324; x_wconf 68' lang='lat'>..59-</span> 
     </span>
    </p>
   </div>
   <div class='ocr_carea' id='block_1_2' title="bbox 192 448 1328 950">
    <p class='ocr_par' dir='ltr' id='par_1_2' title="bbox 192 448 1328 950">
     <span class='ocr_line' id='line_1_2' title="bbox 195 448 1325 538; baseline 0.001 -26"><span class='ocrx_word' id='word_1_2' title='bbox 195 449 296 512; x_wconf 84' lang='lat' dir='ltr'><strong>efficit</strong></span> <span class='ocrx_word' id='word_1_3' title='bbox 330 448 490 513; x_wconf 84' lang='lat' dir='ltr'><strong>diiambus</strong></span> <span class='ocrx_word' id='word_1_4' title='bbox 525 471 598 513; x_wconf 88' lang='lat' dir='ltr'><strong>cum</strong></span> <span class='ocrx_word' id='word_1_5' title='bbox 631 449 907 535; x_wconf 78' lang='lat' dir='ltr'>praecedentibus</span> <span class='ocrx_word' id='word_1_6' title='bbox 938 449 1065 538; x_wconf 84' lang='lat' dir='ltr'><strong>duobus</strong></span> <span class='ocrx_word' id='word_1_7' title='bbox 1096 449 1210 513; x_wconf 89' lang='lat' dir='ltr'><strong>ionicis</strong></span> <span class='ocrx_word' id='word_1_8' title='bbox 1238 457 1325 514; x_wconf 88' lang='lat' dir='ltr'><strong>cata-</strong></span> 
     </span>
     <span class='ocr_line' id='line_1_3' title="bbox 194 552 1327 639; baseline 0.001 -23"><span class='ocrx_word' id='word_1_9' title='bbox 194 552 319 617; x_wconf 87' lang='lat' dir='ltr'><strong>lecticis</strong></span> <span class='ocrx_word' id='word_1_10' title='bbox 358 554 523 639; x_wconf 88' lang='lat' dir='ltr'><strong>ephymnii</strong></span> <span class='ocrx_word' id='word_1_11' title='bbox 558 555 665 617; x_wconf 92' lang='lat' dir='ltr'><strong>locum</strong></span> <span class='ocrx_word' id='word_1_12' title='bbox 699 553 828 618; x_wconf 83' lang='lat' dir='ltr'><strong>videtur</strong></span> <span class='ocrx_word' id='word_1_13' title='bbox 859 560 983 619; x_wconf 88' lang='lat' dir='ltr'><strong>tenere.</strong></span> <span class='ocrx_word' id='word_1_14' title='bbox 1040 552 1258 617; x_wconf 87' lang='lat' dir='ltr'><strong>Oberdickius</strong></span> <span class='ocrx_word' id='word_1_15' title='bbox 1295 561 1327 617; x_wconf 90' lang='lat' dir='ltr'><strong>et</strong></span> 
     </span>
     <span class='ocr_line' id='line_1_4' title="bbox 193 654 1327 745; baseline 0.003 -25"><span class='ocrx_word' id='word_1_16' title='bbox 193 658 336 723; x_wconf 90' lang='lat' dir='ltr'><strong>Wcilius</strong></span> <span class='ocrx_word' id='word_1_17' title='bbox 364 661 397 723; x_wconf 91' lang='lat' dir='ltr'><strong>in</strong></span> <span class='ocrx_word' id='word_1_18' title='bbox 426 659 558 745; x_wconf 90' lang='lat' dir='ltr'><strong>stropha</strong></span> <span class='ocrx_word' id='word_1_19' title='bbox 588 660 749 744; x_wconf 85' lang='lat' dir='ltr'><strong>synizesin</strong></span> <span class='ocrx_word' id='word_1_20' title='bbox 774 661 806 723; x_wconf 92' lang='lat' dir='ltr'><strong>in</strong></span> <span class='ocrx_word' id='word_1_21' title='bbox 829 654 965 737; x_wconf 75' lang='grc' dir='ltr'><strong><em>πόλεων,</em></strong></span> <span class='ocrx_word' id='word_1_22' title='bbox 996 660 1029 723; x_wconf 93' lang='lat' dir='ltr'><strong>in</strong></span> <span class='ocrx_word' id='word_1_23' title='bbox 1058 659 1263 745; x_wconf 82' lang='lat' dir='ltr'><strong>antistropha</strong></span> <span class='ocrx_word' id='word_1_24' title='bbox 1294 660 1327 723; x_wconf 93' lang='lat' dir='ltr'><strong>in</strong></span> 
     </span>
     <span class='ocr_line' id='line_1_5' title="bbox 192 757 1328 848; baseline 0.002 -23"><span class='ocrx_word' id='word_1_25' title='bbox 192 757 377 848; x_wconf 83' lang='grc' dir='ltr'><strong><em>λεωπόροις</em></strong></span> <span class='ocrx_word' id='word_1_26' title='bbox 398 784 455 847; x_wconf 90' lang='lat' dir='ltr'><strong>pro</strong></span> <span class='ocrx_word' id='word_1_27' title='bbox 479 757 660 848; x_wconf 89' lang='grc' dir='ltr'><strong><em>λαοπόροις</em></strong></span> <span class='ocrx_word' id='word_1_28' title='bbox 681 763 787 847; x_wconf 87' lang='lat' dir='ltr'><strong>posito</strong></span> <span class='ocrx_word' id='word_1_29' title='bbox 815 764 923 826; x_wconf 88' lang='lat' dir='ltr'><strong>inesse</strong></span> <span class='ocrx_word' id='word_1_30' title='bbox 947 784 1005 848; x_wconf 92' lang='lat' dir='ltr'><strong>pro</strong></span> <span class='ocrx_word' id='word_1_31' title='bbox 1023 768 1112 826; x_wconf 90' lang='lat' dir='ltr'><strong>certo</strong></span> <span class='ocrx_word' id='word_1_32' title='bbox 1133 761 1271 835; x_wconf 88' lang='lat' dir='ltr'><strong>habcnt;</strong></span> <span class='ocrx_word' id='word_1_33' title='bbox 1295 769 1328 827; x_wconf 89' lang='lat' dir='ltr'><strong>at</strong></span> 
     </span>
     <span class='ocr_line' id='line_1_6' title="bbox 192 864 1284 950; baseline 0.001 -21"><span class='ocrx_word' id='word_1_34' title='bbox 192 887 236 930; x_wconf 88' lang='lat' dir='ltr'><strong>ne</strong></span> <span class='ocrx_word' id='word_1_35' title='bbox 262 867 402 950; x_wconf 87' lang='lat' dir='ltr'><strong>synizesi</strong></span> <span class='ocrx_word' id='word_1_36' title='bbox 425 864 554 950; x_wconf 91' lang='lat' dir='ltr'><strong>quidem</strong></span> <span class='ocrx_word' id='word_1_37' title='bbox 579 866 723 929; x_wconf 90' lang='lat' dir='ltr'><strong>admissa</strong></span> <span class='ocrx_word' id='word_1_38' title='bbox 746 867 828 930; x_wconf 91' lang='lat' dir='ltr'><strong>alius</strong></span> <span class='ocrx_word' id='word_1_39' title='bbox 854 887 967 930; x_wconf 88' lang='lat' dir='ltr'><strong>versus</strong></span> <span class='ocrx_word' id='word_1_40' title='bbox 985 865 1125 929; x_wconf 83' lang='lat' dir='ltr'><strong>efficitur</strong></span> <span class='ocrx_word' id='word_1_41' title='bbox 1147 867 1210 930; x_wconf 90' lang='lat' dir='ltr'><strong>nisi</strong></span> <span class='ocrx_word' id='word_1_42' title='bbox 1231 864 1284 930; x_wconf 92' lang='lat' dir='ltr'><strong>hic</strong></span> 
     </span>
    </p>
   </div>
   <div class='ocr_carea' id='block_1_3' title="bbox 193 1115 1327 1204">
    <p class='ocr_par' dir='ltr' id='par_1_3' title="bbox 193 1115 1327 1204">
     <span class='ocr_line' id='line_1_7' title="bbox 193 1115 1327 1204; baseline -0.003 -21"><span class='ocrx_word' id='word_1_43' title='bbox 193 1140 259 1204; x_wconf 91' lang='lat' dir='ltr'><strong>quo</strong></span> <span class='ocrx_word' id='word_1_44' title='bbox 283 1117 415 1203; x_wconf 88' lang='lat' dir='ltr'><strong>quidem</strong></span> <span class='ocrx_word' id='word_1_45' title='bbox 439 1118 605 1181; x_wconf 87' lang='lat' dir='ltr'><strong>schemate</strong></span> <span class='ocrx_word' id='word_1_46' title='bbox 629 1138 693 1180; x_wconf 91' lang='lat' dir='ltr'><strong>non</strong></span> <span class='ocrx_word' id='word_1_47' title='bbox 717 1115 903 1181; x_wconf 82' lang='lat' dir='ltr'><strong>cfficiuntur</strong></span> <span class='ocrx_word' id='word_1_48' title='bbox 926 1116 1053 1179; x_wconf 87' lang='lat' dir='ltr'><strong>numeri</strong></span> <span class='ocrx_word' id='word_1_49' title='bbox 1078 1115 1327 1200; x_wconf 82' lang='lat' dir='ltr'><strong>probabiliores.</strong></span> 
     </span>
    </p>
   </div>
   <div class='ocr_carea' id='block_1_4' title="bbox 280 1237 1081 1325">
    <p class='ocr_par' dir='ltr' id='par_1_4' title="bbox 280 1237 1081 1325">
     <span class='ocr_line' id='line_1_8' title="bbox 280 1237 1081 1325; baseline -0.004 -22"><span class='ocrx_word' id='word_1_50' title='bbox 280 1238 452 1303; x_wconf 83' lang='lat' dir='ltr'><strong>Difficilius</strong></span> <span class='ocrx_word' id='word_1_51' title='bbox 478 1244 528 1303; x_wconf 89' lang='lat' dir='ltr'><strong>est</strong></span> <span class='ocrx_word' id='word_1_52' title='bbox 551 1238 709 1324; x_wconf 83' lang='lat' dir='ltr'><strong>Aeschyli</strong></span> <span class='ocrx_word' id='word_1_53' title='bbox 733 1237 923 1325; x_wconf 83' lang='lat' dir='ltr'><strong>Supplicum</strong></span> <span class='ocrx_word' id='word_1_54' title='bbox 949 1257 1081 1301; x_wconf 87' lang='lat' dir='ltr'><strong>carmen</strong></span> 
     </span>
    </p>
   </div>
   <div class='ocr_carea' id='block_1_5' title="bbox 232 1384 1326 2007">
    <p class='ocr_par' dir='ltr' id='par_1_5' title="bbox 232 1384 1326 2007">
     <span class='ocr_line' id='line_1_9' title="bbox 533 1384 984 1466; baseline -0.007 -18"><span class='ocrx_word' id='word_1_55' title='bbox 533 1386 703 1448; x_wconf 78' lang='grc'>866-872</span> <span class='ocrx_word' id='word_1_56' title='bbox 719 1416 759 1438; x_wconf 92' lang='grc'><strong>--</strong></span> <span class='ocrx_word' id='word_1_57' title='bbox 776 1384 984 1466; x_wconf 58' lang='grc'>876-8811)</span> 
     </span>
     <span class='ocr_line' id='line_1_10' title="bbox 232 1499 706 1572; baseline -0.008 0"><span class='ocrx_word' id='word_1_58' title='bbox 232 1509 306 1572; x_wconf 89' lang='lat' dir='ltr'><strong>XO.</strong></span> <span class='ocrx_word' id='word_1_59' title='bbox 536 1500 610 1570; x_wconf 81' lang='grc' dir='ltr'><strong><em>αἰαῖ</em></strong></span> <span class='ocrx_word' id='word_1_60' title='bbox 632 1499 706 1569; x_wconf 82' lang='grc' dir='ltr'><strong><em>αἰαῖ</em></strong></span> 
     </span>
     <span class='ocr_line' id='line_1_11' title="bbox 323 1601 797 1695; baseline -0.006 -19"><span class='ocrx_word' id='word_1_61' title='bbox 323 1605 354 1676; x_wconf 82' lang='grc' dir='ltr'><strong>εἰ</strong></span> <span class='ocrx_word' id='word_1_62' title='bbox 375 1604 435 1695; x_wconf 86' lang='grc' dir='ltr'><strong>γὰρ</strong></span> <span class='ocrx_word' id='word_1_63' title='bbox 458 1604 684 1692; x_wconf 78' lang='grc' dir='ltr'><em>δυσπαλάμως</em></span> <span class='ocrx_word' id='word_1_64' title='bbox 708 1601 797 1674; x_wconf 78' lang='grc' dir='ltr'><strong><em>ὅλοιο</em></strong></span> 
     </span>
     <span class='ocr_line' id='line_1_12' title="bbox 531 1706 898 1798; baseline 0 -20"><span class='ocrx_word' id='word_1_65' title='bbox 531 1706 571 1779; x_wconf 75' lang='grc' dir='ltr'><strong>δι’</strong></span> <span class='ocrx_word' id='word_1_66' title='bbox 597 1706 768 1798; x_wconf 77' lang='grc' dir='ltr'><strong><em>ἁλίρρυτον</em></strong></span> <span class='ocrx_word' id='word_1_67' title='bbox 790 1706 898 1792; x_wconf 80' lang='grc' dir='ltr'><strong><em>ἶν’λσος,</em></strong></span> 
     </span>
     <span class='ocr_line' id='line_1_13' title="bbox 326 1810 1326 1903; baseline 0.005 -21"><span class='ocrx_word' id='word_1_68' title='bbox 326 1817 411 1883; x_wconf 82' lang='grc' dir='ltr'><strong><em>κατὰ</em></strong></span> <span class='ocrx_word' id='word_1_69' title='bbox 435 1811 660 1903; x_wconf 79' lang='grc' dir='ltr'><strong><em>Σαρπηδόνιον</em></strong></span> <span class='ocrx_word' id='word_1_70' title='bbox 681 1818 776 1901; x_wconf 81' lang='grc' dir='ltr'><strong><em>χῶμα</em></strong></span> <span class='ocrx_word' id='word_1_71' title='bbox 799 1812 1027 1902; x_wconf 77' lang='grc' dir='ltr'><strong><em>πολύψαμμον</em></strong></span> <span class='ocrx_word' id='word_1_72' title='bbox 1049 1810 1189 1896; x_wconf 71' lang='grc' dir='ltr'><strong><em>ἀλαθεὶς</em></strong></span> <span class='ocrx_word' id='word_1_73' title='bbox 1280 1847 1326 1888; x_wconf 82' lang='lat' dir='ltr'><strong>arc</strong></span> 
     </span>
     <span class='ocr_line' id='line_1_14' title="bbox 529 1913 885 2007; baseline 0 -20"><span class='ocrx_word' id='word_1_74' title='bbox 529 1913 669 2006; x_wconf 75' lang='grc' dir='ltr'><strong><em>εὐρείαις</em></strong></span> <span class='ocrx_word' id='word_1_75' title='bbox 691 1917 739 1987; x_wconf 80' lang='grc' dir='ltr'><strong>εἰν</strong></span> <span class='ocrx_word' id='word_1_76' title='bbox 761 1914 885 2007; x_wconf 67' lang='grc' dir='ltr'><strong><em>αὔραις.</em></strong></span> 
     </span>
    </p>
   </div>
   <div class='ocr_carea' id='block_1_6' title="bbox 195 2429 1333 3219">
    <p class='ocr_par' dir='ltr' id='par_1_6' title="bbox 195 2429 1333 3219">
     <span class='ocr_line' id='line_1_15' title="bbox 195 2429 1330 2516; baseline 0 -21"><span class='ocrx_word' id='word_1_77' title='bbox 195 2431 322 2504; x_wconf 83' lang='lat' dir='ltr'><strong>Quodsi</strong></span> <span class='ocrx_word' id='word_1_78' title='bbox 350 2431 527 2496; x_wconf 85' lang='lat' dir='ltr'><strong>recesseris</strong></span> <span class='ocrx_word' id='word_1_79' title='bbox 551 2451 570 2493; x_wconf 98' lang='lat' dir='ltr'><strong>a</strong></span> <span class='ocrx_word' id='word_1_80' title='bbox 599 2431 703 2516; x_wconf 90' lang='lat' dir='ltr'><strong>primo</strong></span> <span class='ocrx_word' id='word_1_81' title='bbox 734 2452 830 2495; x_wconf 89' lang='lat' dir='ltr'><strong>versu</strong></span> <span class='ocrx_word' id='word_1_82' title='bbox 857 2429 1101 2495; x_wconf 84' lang='lat' dir='ltr'><strong>interiectiones</strong></span> <span class='ocrx_word' id='word_1_83' title='bbox 1132 2431 1330 2512; x_wconf 82' lang='lat' dir='ltr'><strong>continente,</strong></span> 
     </span>
     <span class='ocr_line' id='line_1_16' title="bbox 195 2535 1329 2622; baseline 0.003 -22"><span class='ocrx_word' id='word_1_84' title='bbox 195 2538 230 2600; x_wconf 93' lang='lat' dir='ltr'><strong>in</strong></span> <span class='ocrx_word' id='word_1_85' title='bbox 245 2558 275 2599; x_wconf 88' lang='lat' dir='ltr'><strong>v.</strong></span> <span class='ocrx_word' id='word_1_86' title='bbox 293 2539 312 2599; x_wconf 79' lang='lat'><strong>2</strong></span> <span class='ocrx_word' id='word_1_87' title='bbox 335 2541 467 2622; x_wconf 88' lang='lat' dir='ltr'><strong>praeter</strong></span> <span class='ocrx_word' id='word_1_88' title='bbox 489 2536 666 2599; x_wconf 89' lang='lat' dir='ltr'><strong>molossum</strong></span> <span class='ocrx_word' id='word_1_89' title='bbox 688 2536 785 2599; x_wconf 89' lang='lat' dir='ltr'><strong>ionici</strong></span> <span class='ocrx_word' id='word_1_90' title='bbox 805 2536 877 2599; x_wconf 90' lang='lat' dir='ltr'><strong>loco</strong></span> <span class='ocrx_word' id='word_1_91' title='bbox 897 2535 1054 2599; x_wconf 85' lang='lat' dir='ltr'><strong>insertum</strong></span> <span class='ocrx_word' id='word_1_92' title='bbox 1077 2535 1224 2620; x_wconf 80' lang='lat' dir='ltr'><strong>clausula</strong></span> <span class='ocrx_word' id='word_1_93' title='bbox 1246 2578 1295 2601; x_wconf 65' lang='grc' dir='ltr'><strong>ο-</strong></span> <span class='ocrx_word' id='word_1_94' title='bbox 1308 2564 1329 2603; x_wconf 81' lang='grc' dir='ltr'>ῡ</span> 
     </span>
     <span class='ocr_line' id='line_1_17' title="bbox 196 2630 1330 2724; baseline -0.002 -20"><span class='ocrx_word' id='word_1_95' title='bbox 196 2632 288 2704; x_wconf 71' lang='grc' dir='ltr'><strong><em>ὄλοιο</em></strong></span> <span class='ocrx_word' id='word_1_96' title='bbox 305 2638 449 2703; x_wconf 88' lang='lat' dir='ltr'><strong>notanda</strong></span> <span class='ocrx_word' id='word_1_97' title='bbox 471 2644 531 2719; x_wconf 82' lang='lat' dir='ltr'><strong>cst,</strong></span> <span class='ocrx_word' id='word_1_98' title='bbox 555 2639 731 2724; x_wconf 85' lang='lat' dir='ltr'><strong>praecipue</strong></span> <span class='ocrx_word' id='word_1_99' title='bbox 754 2643 864 2702; x_wconf 89' lang='lat' dir='ltr'><strong>autem</strong></span> <span class='ocrx_word' id='word_1_100' title='bbox 885 2630 1025 2722; x_wconf 76' lang='grc' dir='ltr'><strong><em>εὐρείαις</em></strong></span> <span class='ocrx_word' id='word_1_101' title='bbox 1043 2633 1091 2702; x_wconf 84' lang='grc' dir='ltr'><strong>εἶν</strong></span> <span class='ocrx_word' id='word_1_102' title='bbox 1114 2630 1231 2723; x_wconf 70' lang='grc' dir='ltr'><strong><em>αἷλραις</em></strong></span> <span class='ocrx_word' id='word_1_103' title='bbox 1244 2697 1261 2704; x_wconf 78' lang='grc'><strong><em>-</em></strong></span> <span class='ocrx_word' id='word_1_104' title='bbox 1274 2698 1290 2705; x_wconf 84' lang='grc'><em>,</em></span> <span class='ocrx_word' id='word_1_105' title='bbox 1303 2689 1330 2719; x_wconf 76' lang='grc'><strong>,,</strong></span> 
     </span>
     <span class='ocr_line' id='line_1_18' title="bbox 197 2741 1332 2828; baseline -0.002 -21"><span class='ocrx_word' id='word_1_106' title='bbox 197 2801 213 2807; x_wconf 87' lang='grc'><strong>-</strong></span> <span class='ocrx_word' id='word_1_107' title='bbox 227 2801 243 2807; x_wconf 86' lang='grc'><strong>-</strong></span> <span class='ocrx_word' id='word_1_108' title='bbox 256 2801 273 2808; x_wconf 86' lang='grc'><strong>-</strong></span> <span class='ocrx_word' id='word_1_109' title='bbox 294 2743 328 2806; x_wconf 90' lang='lat' dir='ltr'><strong>in</strong></span> <span class='ocrx_word' id='word_1_110' title='bbox 345 2743 409 2805; x_wconf 88' lang='lat' dir='ltr'><strong>fine</strong></span> <span class='ocrx_word' id='word_1_111' title='bbox 427 2741 591 2828; x_wconf 90' lang='lat' dir='ltr'><strong>strophas.</strong></span> <span class='ocrx_word' id='word_1_112' title='bbox 630 2741 694 2805; x_wconf 90' lang='lat' dir='ltr'><strong>Pro</strong></span> <span class='ocrx_word' id='word_1_113' title='bbox 718 2743 836 2826; x_wconf 92' lang='lat' dir='ltr'><strong>quibus</strong></span> <span class='ocrx_word' id='word_1_114' title='bbox 859 2742 968 2806; x_wconf 82' lang='lat' dir='ltr'><strong>verbis</strong></span> <span class='ocrx_word' id='word_1_115' title='bbox 989 2743 1110 2806; x_wconf 90' lang='lat' dir='ltr'><strong>cumin</strong></span> <span class='ocrx_word' id='word_1_116' title='bbox 1129 2741 1332 2828; x_wconf 88' lang='lat' dir='ltr'><strong>antistropha</strong></span> 
     </span>
     <span class='ocr_line' id='line_1_19' title="bbox 199 2837 1333 2930; baseline -0.001 -20"><span class='ocrx_word' id='word_1_117' title='bbox 199 2856 309 2930; x_wconf 86' lang='grc' dir='ltr'><strong><em>-ψειεν</em></strong></span> <span class='ocrx_word' id='word_1_118' title='bbox 324 2837 438 2911; x_wconf 67' lang='grc' dir='ltr'><strong><em>ἄϊστον</em></strong></span> <span class='ocrx_word' id='word_1_119' title='bbox 449 2839 541 2930; x_wconf 75' lang='grc' dir='ltr'><strong><em>ὕβριν</em></strong></span> <span class='ocrx_word' id='word_1_120' title='bbox 553 2887 744 2924; x_wconf 60' lang='grc'><strong>.......</strong></span> <span class='ocrx_word' id='word_1_121' title='bbox 757 2868 778 2914; x_wconf 65' lang='lat'>3</span> <span class='ocrx_word' id='word_1_122' title='bbox 795 2847 933 2930; x_wconf 84' lang='lat' dir='ltr'><strong>legatur,</strong></span> <span class='ocrx_word' id='word_1_123' title='bbox 950 2846 1127 2930; x_wconf 83' lang='lat' dir='ltr'><strong>quaeritur,</strong></span> <span class='ocrx_word' id='word_1_124' title='bbox 1144 2852 1218 2909; x_wconf 86' lang='lat' dir='ltr'><strong>utra</strong></span> <span class='ocrx_word' id='word_1_125' title='bbox 1232 2845 1333 2909; x_wconf 88' lang='lat' dir='ltr'><strong>verba</strong></span> 
     </span>
     <span class='ocr_line' id='line_1_20' title="bbox 199 2941 1333 3036; baseline 0.002 -24"><span class='ocrx_word' id='word_1_126' title='bbox 199 2949 265 3013; x_wconf 87' lang='lat' dir='ltr'><strong>sint</strong></span> <span class='ocrx_word' id='word_1_127' title='bbox 280 2949 452 3024; x_wconf 89' lang='lat' dir='ltr'><strong>mutanda;</strong></span> <span class='ocrx_word' id='word_1_128' title='bbox 475 2949 629 3036; x_wconf 87' lang='lat' dir='ltr'><strong>strophae</strong></span> <span class='ocrx_word' id='word_1_129' title='bbox 646 2950 746 3013; x_wconf 90' lang='lat' dir='ltr'><strong>verba</strong></span> <span class='ocrx_word' id='word_1_130' title='bbox 762 2951 808 3013; x_wconf 94' lang='lat' dir='ltr'><strong>sic</strong></span> <span class='ocrx_word' id='word_1_131' title='bbox 823 2950 893 3014; x_wconf 87' lang='lat' dir='ltr'><strong>fere</strong></span> <span class='ocrx_word' id='word_1_132' title='bbox 910 2957 1035 3014; x_wconf 84' lang='lat' dir='ltr'><strong>mutare</strong></span> <span class='ocrx_word' id='word_1_133' title='bbox 1052 2950 1166 3013; x_wconf 88' lang='lat' dir='ltr'><strong>liceat:</strong></span> <span class='ocrx_word' id='word_1_134' title='bbox 1191 2941 1333 3035; x_wconf 80' lang='grc' dir='ltr'><strong><em>εὗρεΐαις</em></strong></span> 
     </span>
     <span class='ocr_line' id='line_1_21' title="bbox 198 3045 1332 3138; baseline 0 -21"><span class='ocrx_word' id='word_1_135' title='bbox 198 3050 233 3117; x_wconf 80' lang='grc' dir='ltr'><strong>ἐν</strong></span> <span class='ocrx_word' id='word_1_136' title='bbox 255 3045 370 3138; x_wconf 67' lang='grc' dir='ltr'><strong><em>αὔραις</em></strong></span> <span class='ocrx_word' id='word_1_137' title='bbox 392 3095 612 3132; x_wconf 63' lang='grc'><strong>........</strong></span> <span class='ocrx_word' id='word_1_138' title='bbox 619 3101 627 3133; x_wconf 84' lang='grc'><em>,</em></span> <span class='ocrx_word' id='word_1_139' title='bbox 651 3052 709 3117; x_wconf 88' lang='lat' dir='ltr'><strong>sed</strong></span> <span class='ocrx_word' id='word_1_140' title='bbox 732 3073 772 3117; x_wconf 90' lang='lat' dir='ltr'><strong>nc</strong></span> <span class='ocrx_word' id='word_1_141' title='bbox 796 3053 877 3118; x_wconf 89' lang='lat' dir='ltr'><strong>haec</strong></span> <span class='ocrx_word' id='word_1_142' title='bbox 909 3053 1039 3138; x_wconf 87' lang='lat' dir='ltr'><strong>quidam</strong></span> <span class='ocrx_word' id='word_1_143' title='bbox 1061 3054 1160 3118; x_wconf 90' lang='lat' dir='ltr'><strong>lectio</strong></span> <span class='ocrx_word' id='word_1_144' title='bbox 1184 3053 1332 3138; x_wconf 85' lang='lat' dir='ltr'><strong>graviore</strong></span> 
     </span>
     <span class='ocr_line' id='line_1_22' title="bbox 199 3155 503 3219; baseline 0 -1"><span class='ocrx_word' id='word_1_145' title='bbox 199 3155 380 3218; x_wconf 83' lang='lat' dir='ltr'><strong>offensione</strong></span> <span class='ocrx_word' id='word_1_146' title='bbox 404 3162 503 3219; x_wconf 87' lang='lat' dir='ltr'><strong>caret.</strong></span> 
     </span>
    </p>
   </div>
   <div class='ocr_carea' id='block_1_7' title="bbox 200 3271 1333 3463">
    <p class='ocr_par' dir='ltr' id='par_1_7' title="bbox 200 3271 1333 3463">
     <span class='ocr_line' id='line_1_23' title="bbox 286 3271 1333 3359; baseline -0.007 -21"><span class='ocrx_word' id='word_1_147' title='bbox 286 3273 501 3338; x_wconf 70' lang='lat' dir='ltr'><strong>severissima</strong></span> <span class='ocrx_word' id='word_1_148' title='bbox 523 3278 632 3338; x_wconf 87' lang='lat' dir='ltr'><strong>autem</strong></span> <span class='ocrx_word' id='word_1_149' title='bbox 655 3273 730 3358; x_wconf 86' lang='lat' dir='ltr'><strong>lege</strong></span> <span class='ocrx_word' id='word_1_150' title='bbox 748 3275 931 3358; x_wconf 88' lang='lat' dir='ltr'><strong>composita</strong></span> <span class='ocrx_word' id='word_1_151' title='bbox 952 3280 1002 3338; x_wconf 86' lang='lat' dir='ltr'><strong>cst</strong></span> <span class='ocrx_word' id='word_1_152' title='bbox 1026 3271 1160 3359; x_wconf 89' lang='lat' dir='ltr'><strong>stropha</strong></span> <span class='ocrx_word' id='word_1_153' title='bbox 1176 3271 1333 3356; x_wconf 84' lang='lat' dir='ltr'><strong>Aeschyli</strong></span> 
     </span>
     <span class='ocr_line' id='line_1_24' title="bbox 200 3377 945 3463; baseline -0.027 -21"><span class='ocrx_word' id='word_1_154' title='bbox 200 3377 390 3463; x_wconf 84' lang='lat' dir='ltr'><strong>Supplicum</strong></span> <span class='ocrx_word' id='word_1_155' title='bbox 415 3379 625 3441; x_wconf 79' lang='lat'>1053-1057</span> <span class='ocrx_word' id='word_1_156' title='bbox 640 3407 680 3432; x_wconf 82' lang='lat'><strong><em>-.-.-</em></strong></span> <span class='ocrx_word' id='word_1_157' title='bbox 700 3377 945 3462; x_wconf 73' lang='lat'>1058-10622)</span> 
     </span>
    </p>
   </div>
   <div class='ocr_carea' id='block_1_8' title="bbox 405 3517 1122 4031">
    <p class='ocr_par' dir='ltr' id='par_1_8' title="bbox 405 3517 991 3609">
     <span class='ocr_line' id='line_1_25' title="bbox 405 3517 991 3609; baseline 0.003 -21"><span class='ocrx_word' id='word_1_158' title='bbox 405 3528 537 3589; x_wconf 80' lang='grc' dir='ltr'><em>ΗΜΛ.</em></span> <span class='ocrx_word' id='word_1_159' title='bbox 561 3524 579 3589; x_wconf 83' lang='grc' dir='ltr'>ὁ</span> <span class='ocrx_word' id='word_1_160' title='bbox 600 3520 701 3609; x_wconf 82' lang='grc' dir='ltr'><strong><em>μέγας</em></strong></span> <span class='ocrx_word' id='word_1_161' title='bbox 721 3520 804 3603; x_wconf 83' lang='grc' dir='ltr'><strong><em>Ζεὺς</em></strong></span> <span class='ocrx_word' id='word_1_162' title='bbox 826 3517 991 3605; x_wconf 79' lang='grc' dir='ltr'><strong><em>ἀπαλέξαι</em></strong></span> 
     </span>
    </p>

    <p class='ocr_par' dir='ltr' id='par_1_9' title="bbox 406 3621 1122 4031">
     <span class='ocr_line' id='line_1_26' title="bbox 558 3621 1009 3716; baseline 0.004 -25"><span class='ocrx_word' id='word_1_163' title='bbox 558 3621 663 3712; x_wconf 81' lang='grc' dir='ltr'><strong><em>γάμον</em></strong></span> <span class='ocrx_word' id='word_1_164' title='bbox 685 3623 919 3716; x_wconf 79' lang='grc' dir='ltr'><strong><em>Αἰγυπτογενῆ</em></strong></span> <span class='ocrx_word' id='word_1_165' title='bbox 940 3652 1009 3712; x_wconf 91' lang='grc' dir='ltr'><strong><em>μοι.</em></strong></span> 
     </span>
     <span class='ocr_line' id='line_1_27' title="bbox 406 3725 997 3819; baseline 0.005 -25"><span class='ocrx_word' id='word_1_166' title='bbox 406 3733 531 3794; x_wconf 81' lang='grc' dir='ltr'>ΗΜΒ.</span> <span class='ocrx_word' id='word_1_167' title='bbox 558 3725 597 3797; x_wconf 87' lang='grc' dir='ltr'><strong>τὸ</strong></span> <span class='ocrx_word' id='word_1_168' title='bbox 618 3729 677 3814; x_wconf 83' lang='grc' dir='ltr'><strong>μὲν</strong></span> <span class='ocrx_word' id='word_1_169' title='bbox 699 3725 739 3796; x_wconf 74' lang='grc' dir='ltr'><strong>ἂν</strong></span> <span class='ocrx_word' id='word_1_170' title='bbox 760 3726 916 3816; x_wconf 80' lang='grc' dir='ltr'><strong><em>βέλτατον</em></strong></span> <span class='ocrx_word' id='word_1_171' title='bbox 937 3727 997 3819; x_wconf 79' lang='grc' dir='ltr'><strong><em>εἴη.</em></strong></span> 
     </span>
     <span class='ocr_line' id='line_1_28' title="bbox 407 3829 1069 3919; baseline 0.003 -21"><span class='ocrx_word' id='word_1_172' title='bbox 407 3838 539 3899; x_wconf 83' lang='lat' dir='ltr'><em>HMA.</em></span> <span class='ocrx_word' id='word_1_173' title='bbox 564 3834 602 3899; x_wconf 78' lang='lat' dir='ltr'><strong>cr)</strong></span> <span class='ocrx_word' id='word_1_174' title='bbox 627 3832 663 3899; x_wconf 81' lang='grc' dir='ltr'><strong>δὲ</strong></span> <span class='ocrx_word' id='word_1_175' title='bbox 684 3833 817 3919; x_wconf 76' lang='grc' dir='ltr'><strong><em>θέλγοις</em></strong></span> <span class='ocrx_word' id='word_1_176' title='bbox 839 3829 878 3900; x_wconf 73' lang='grc' dir='ltr'><strong>ἂν</strong></span> <span class='ocrx_word' id='word_1_177' title='bbox 900 3829 1069 3901; x_wconf 65' lang='grc' dir='ltr'><strong><em>ἄθελκτον.</em></strong></span> 
     </span>
     <span class='ocr_line' id='line_1_29' title="bbox 406 3933 1122 4031; baseline 0.014 -28"><span class='ocrx_word' id='word_1_178' title='bbox 406 3943 532 4004; x_wconf 80' lang='lat' dir='ltr'><strong><em>HMB.</em></strong></span> <span class='ocrx_word' id='word_1_179' title='bbox 560 3934 599 4004; x_wconf 76' lang='grc' dir='ltr'><strong>σὺ</strong></span> <span class='ocrx_word' id='word_1_180' title='bbox 623 3937 659 4005; x_wconf 75' lang='grc' dir='ltr'><strong>δὲ</strong></span> <span class='ocrx_word' id='word_1_181' title='bbox 680 3933 706 4026; x_wconf 83' lang='grc' dir='ltr'><strong>γ’</strong></span> <span class='ocrx_word' id='word_1_182' title='bbox 727 3933 785 4006; x_wconf 75' lang='grc' dir='ltr'><strong>οὐκ</strong></span> <span class='ocrx_word' id='word_1_183' title='bbox 807 3933 912 4007; x_wconf 70' lang='grc' dir='ltr'><strong><em>οἶσθα</em></strong></span> <span class='ocrx_word' id='word_1_184' title='bbox 934 3942 972 4008; x_wconf 82' lang='grc' dir='ltr'><strong>τὸ</strong></span> <span class='ocrx_word' id='word_1_185' title='bbox 996 3938 1122 4031; x_wconf 82' lang='grc' dir='ltr'><strong><em>μέλλον.</em></strong></span> 
     </span>
    </p>
   </div>
   <div class='ocr_carea' id='block_1_9' title="bbox 269 4144 782 4310">
    <p class='ocr_par' dir='ltr' id='par_1_10' title="bbox 269 4144 782 4310">
     <span class='ocr_line' id='line_1_30' title="bbox 272 4144 782 4214; baseline 0.002 -15"><span class='ocrx_word' id='word_1_186' title='bbox 272 4148 292 4209; x_wconf 81' lang='lat'><strong>¹)</strong></span> <span class='ocrx_word' id='word_1_187' title='bbox 312 4144 441 4213; x_wconf 72' lang='lat' dir='ltr'><strong>Contuli,</strong></span> <span class='ocrx_word' id='word_1_188' title='bbox 459 4145 510 4213; x_wconf 85' lang='lat' dir='ltr'><strong>lyr.</strong></span> <span class='ocrx_word' id='word_1_189' title='bbox 530 4145 615 4199; x_wconf 84' lang='lat' dir='ltr'><strong>Versa</strong></span> <span class='ocrx_word' id='word_1_190' title='bbox 634 4164 660 4214; x_wconf 91' lang='lat' dir='ltr'><strong>p.</strong></span> <span class='ocrx_word' id='word_1_191' title='bbox 681 4147 720 4200; x_wconf 83' lang='lat'><strong>19.</strong></span> <span class='ocrx_word' id='word_1_192' title='bbox 740 4148 782 4213; x_wconf 75' lang='lat'><strong>20,</strong></span> 
     </span>
     <span class='ocr_line' id='line_1_31' title="bbox 269 4230 673 4310; baseline -0.002 -24"><span class='ocrx_word' id='word_1_193' title='bbox 269 4233 292 4303; x_wconf 84' lang='lat'><strong>²)</strong></span> <span class='ocrx_word' id='word_1_194' title='bbox 311 4230 410 4297; x_wconf 82' lang='lat' dir='ltr'><strong>Christ,</strong></span> <span class='ocrx_word' id='word_1_195' title='bbox 428 4231 553 4294; x_wconf 78' lang='lat' dir='ltr'><strong>Metrilr¹</strong></span> <span class='ocrx_word' id='word_1_196' title='bbox 572 4250 598 4310; x_wconf 87' lang='lat' dir='ltr'><strong>p.</strong></span> <span class='ocrx_word' id='word_1_197' title='bbox 616 4233 673 4294; x_wconf 47' lang='lat'><strong>5272</strong></span> 
     </span>
    </p>
   </div>
   <div class='ocr_carea' id='block_1_10' title="bbox 0 0 1530 5010">
    <p class='ocr_par' dir='ltr' id='par_1_11' title="bbox 0 0 1530 5010">
     <span class='ocr_line' id='line_1_32' title="bbox 0 0 1530 5010; baseline 0 0"><span class='ocrx_word' id='word_1_198' title='bbox 0 0 1530 5010; x_wconf 95' lang='lat' dir='ltr'><strong> </strong></span> 
     </span>
    </p>
   </div>
  </div>
 </body>
</html>
