<?xml version="1.0" encoding="UTF-8"?>
<!DOCTYPE html PUBLIC "-//W3C//DTD XHTML 1.0 Transitional//EN"
    "http://www.w3.org/TR/xhtml1/DTD/xhtml1-transitional.dtd">
<html xmlns="http://www.w3.org/1999/xhtml" xml:lang="en" lang="en">
 <head>
  <title>
</title>
<meta http-equiv="Content-Type" content="text/html;charset=utf-8" />
  <meta name='ocr-system' content='tesseract 3.04.00' />
  <meta name='ocr-capabilities' content='ocr_page ocr_carea ocr_par ocr_line ocrx_word'/>
</head>
<body>
  <div class='ocr_page' id='page_1' title='image "./deversumdochmia00pickgoog_0242.png"; bbox 0 0 3038 5010; ppageno 0'>
   <div class='ocr_carea' id='block_1_1' title="bbox 615 453 836 518">
    <p class='ocr_par' dir='ltr' id='par_1_1' title="bbox 615 453 836 518">
     <span class='ocr_line' id='line_1_1' title="bbox 615 453 836 518; baseline 0.018 -40"><span class='ocrx_word' id='word_1_1' title='bbox 615 453 836 518; x_wconf 62' lang='lat'>-31,</span> 
     </span>
    </p>
   </div>
   <div class='ocr_carea' id='block_1_2' title="bbox 210 628 1144 1569">
    <p class='ocr_par' dir='ltr' id='par_1_2' title="bbox 352 628 1110 1035">
     <span class='ocr_line' id='line_1_2' title="bbox 354 628 1017 714; baseline -0.002 -25"><span class='ocrx_word' id='word_1_2' title='bbox 354 628 477 713; x_wconf 75' lang='grc' dir='ltr'>Χρύσης</span> <span class='ocrx_word' id='word_1_3' title='bbox 497 630 628 711; x_wconf 74' lang='grc' dir='ltr'>Ἀθηνᾶς</span> <span class='ocrx_word' id='word_1_4' title='bbox 653 628 752 710; x_wconf 74' lang='grc' dir='ltr'>βωμὸν</span> <span class='ocrx_word' id='word_1_5' title='bbox 777 630 1017 714; x_wconf 78' lang='grc' dir='ltr'>ἐτικεχωσμὲνον,</span> 
     </span>
     <span class='ocr_line' id='line_1_3' title="bbox 352 733 1110 822; baseline 0.001 -24"><span class='ocrx_word' id='word_1_6' title='bbox 352 733 398 822; x_wconf 73' lang='grc' dir='ltr'>ἐφ’</span> <span class='ocrx_word' id='word_1_7' title='bbox 424 738 511 822; x_wconf 79' lang='grc' dir='ltr'>ουτερ</span> <span class='ocrx_word' id='word_1_8' title='bbox 531 737 659 820; x_wconf 71' lang='grc' dir='ltr'>Ἀχαιοῖς</span> <span class='ocrx_word' id='word_1_9' title='bbox 683 736 813 822; x_wconf 74' lang='grc' dir='ltr'>χρησθὲν</span> <span class='ocrx_word' id='word_1_10' title='bbox 837 739 873 820; x_wconf 75' lang='grc' dir='ltr'>ἦν</span> <span class='ocrx_word' id='word_1_11' title='bbox 896 738 992 809; x_wconf 80' lang='grc' dir='ltr'>θῦσαι,</span> <span class='ocrx_word' id='word_1_12' title='bbox 1018 742 1110 818; x_wconf 89' lang='grc' dir='ltr'>μόνος</span> 
     </span>
     <span class='ocr_line' id='line_1_4' title="bbox 353 840 1057 929; baseline -0.001 -26"><span class='ocrx_word' id='word_1_13' title='bbox 353 842 500 914; x_wconf 73' lang='grc' dir='ltr'>Ποίαντος</span> <span class='ocrx_word' id='word_1_14' title='bbox 524 840 584 926; x_wconf 68' lang='grc' dir='ltr'>ᾔδει</span> <span class='ocrx_word' id='word_1_15' title='bbox 609 851 679 914; x_wconf 79' lang='grc' dir='ltr'>ταῖς</span> <span class='ocrx_word' id='word_1_16' title='bbox 702 841 768 904; x_wconf 82' lang='grc' dir='ltr'>ποθ’</span> <span class='ocrx_word' id='word_1_17' title='bbox 792 843 929 929; x_wconf 82' lang='grc' dir='ltr'>Ἠρακλεῖ</span> <span class='ocrx_word' id='word_1_18' title='bbox 954 841 1057 924; x_wconf 76' lang='grc' dir='ltr'>Εονων,</span> 
     </span>
     <span class='ocr_line' id='line_1_5' title="bbox 354 948 1033 1035; baseline 0.001 -24"><span class='ocrx_word' id='word_1_19' title='bbox 354 956 457 1032; x_wconf 74' lang='grc' dir='ltr'>ζητῶν</span> <span class='ocrx_word' id='word_1_20' title='bbox 481 949 511 1012; x_wconf 72' lang='grc' dir='ltr'>δὲ</span> <span class='ocrx_word' id='word_1_21' title='bbox 535 957 639 1011; x_wconf 82' lang='grc' dir='ltr'>τοῦτον</span> <span class='ocrx_word' id='word_1_22' title='bbox 664 950 795 1032; x_wconf 62' lang='grc' dir='ltr'>ναυβατῳΙ</span> <span class='ocrx_word' id='word_1_23' title='bbox 820 948 910 1030; x_wconf 75' lang='grc' dir='ltr'>λεῖξαι</span> <span class='ocrx_word' id='word_1_24' title='bbox 934 951 1033 1035; x_wconf 89' lang='grc' dir='ltr'>στόλῳ</span> 
     </span>
    </p>

    <p class='ocr_par' dir='ltr' id='par_1_3' title="bbox 210 1053 1136 1463">
     <span class='ocr_line' id='line_1_6' title="bbox 210 1053 1136 1143; baseline 0.005 -28"><span class='ocrx_word' id='word_1_25' title='bbox 210 1138 214 1143; x_wconf 12' lang='grc' dir='ltr'><strong><em>ἢ</em></strong></span> <span class='ocrx_word' id='word_1_26' title='bbox 312 1077 324 1114; x_wconf 80' lang='grc' dir='ltr'>ο</span> <span class='ocrx_word' id='word_1_27' title='bbox 355 1057 479 1138; x_wconf 66' lang='grc' dir='ltr'>πληγεὶς</span> <span class='ocrx_word' id='word_1_28' title='bbox 503 1054 549 1117; x_wconf 75' lang='grc' dir='ltr'>ὑπ’</span> <span class='ocrx_word' id='word_1_29' title='bbox 575 1058 683 1140; x_wconf 70' lang='grc' dir='ltr'>ἔχεως,</span> <span class='ocrx_word' id='word_1_30' title='bbox 708 1053 817 1118; x_wconf 47' lang='grc' dir='ltr'>ἐλείπετ’</span> <span class='ocrx_word' id='word_1_31' title='bbox 843 1057 873 1118; x_wconf 84' lang='grc' dir='ltr'>ἐν</span> <span class='ocrx_word' id='word_1_32' title='bbox 897 1056 1009 1142; x_wconf 77' lang='grc' dir='ltr'>Λήμνῳ</span> <span class='ocrx_word' id='word_1_33' title='bbox 1033 1065 1136 1120; x_wconf 85' lang='grc' dir='ltr'>νοσων.</span> 
     </span>
     <span class='ocr_line' id='line_1_7' title="bbox 347 1158 1034 1248; baseline -0.004 -23"><span class='ocrx_word' id='word_1_34' title='bbox 347 1160 478 1236; x_wconf 78' lang='grc' dir='ltr'>Ἕλενος</span> <span class='ocrx_word' id='word_1_35' title='bbox 501 1161 525 1226; x_wconf 80' lang='grc' dir='ltr'>θ’</span> <span class='ocrx_word' id='word_1_36' title='bbox 540 1164 668 1248; x_wconf 75' lang='grc' dir='ltr'>Ἀχαιοῖς</span> <span class='ocrx_word' id='word_1_37' title='bbox 692 1158 748 1248; x_wconf 75' lang='grc' dir='ltr'>εἶμ’</span> <span class='ocrx_word' id='word_1_38' title='bbox 774 1162 922 1226; x_wconf 85' lang='grc' dir='ltr'>ἁλώσεσθ’</span> <span class='ocrx_word' id='word_1_39' title='bbox 943 1161 1034 1226; x_wconf 82' lang='grc' dir='ltr'>Ἴλιον</span> 
     </span>
     <span class='ocr_line' id='line_1_8' title="bbox 352 1268 1101 1357; baseline 0.004 -26"><span class='ocrx_word' id='word_1_40' title='bbox 352 1279 415 1342; x_wconf 79' lang='grc' dir='ltr'>τοῖς</span> <span class='ocrx_word' id='word_1_41' title='bbox 441 1270 624 1357; x_wconf 79' lang='grc' dir='ltr'>Ἡρακλέους</span> <span class='ocrx_word' id='word_1_42' title='bbox 648 1268 757 1350; x_wconf 78' lang='grc' dir='ltr'>τόξοισι</span> <span class='ocrx_word' id='word_1_43' title='bbox 781 1271 857 1332; x_wconf 82' lang='grc' dir='ltr'>ταιθί</span> <span class='ocrx_word' id='word_1_44' title='bbox 880 1268 906 1332; x_wconf 79' lang='grc' dir='ltr'>τ’</span> <span class='ocrx_word' id='word_1_45' title='bbox 927 1272 1101 1355; x_wconf 76' lang='grc' dir='ltr'>Ἀχιλλέως,</span> 
     </span>
     <span class='ocr_line' id='line_1_9' title="bbox 352 1375 1035 1463; baseline 0.004 -26"><span class='ocrx_word' id='word_1_46' title='bbox 352 1376 398 1438; x_wconf 80' lang='grc' dir='ltr'>Τά</span> <span class='ocrx_word' id='word_1_47' title='bbox 421 1375 484 1456; x_wconf 76' lang='grc' dir='ltr'>τόξ’</span> <span class='ocrx_word' id='word_1_48' title='bbox 511 1377 623 1463; x_wconf 70' lang='grc' dir='ltr'>ὑπῆρχε</span> <span class='ocrx_word' id='word_1_49' title='bbox 647 1379 726 1463; x_wconf 78' lang='grc' dir='ltr'>παρὰ</span> <span class='ocrx_word' id='word_1_50' title='bbox 750 1375 921 1460; x_wconf 77' lang='grc' dir='ltr'>Φιλοκτήτῃ</span> <span class='ocrx_word' id='word_1_51' title='bbox 947 1382 1035 1462; x_wconf 90' lang='grc' dir='ltr'>μόνῳ.</span> 
     </span>
    </p>

    <p class='ocr_par' dir='ltr' id='par_1_4' title="bbox 255 1481 1144 1569">
     <span class='ocr_line' id='line_1_10' title="bbox 255 1481 1144 1569; baseline 0.004 -25"><span class='ocrx_word' id='word_1_52' title='bbox 255 1525 256 1528; x_wconf 55' lang='lat'><em>=</em></span> <span class='ocrx_word' id='word_1_53' title='bbox 352 1482 508 1568; x_wconf 73' lang='grc' dir='ltr'>Πεμφθεὶς</span> <span class='ocrx_word' id='word_1_54' title='bbox 531 1481 555 1545; x_wconf 82' lang='grc' dir='ltr'>θ’</span> <span class='ocrx_word' id='word_1_55' title='bbox 578 1481 740 1555; x_wconf 72' lang='grc' dir='ltr'>Ὀδυσσεὺς</span> <span class='ocrx_word' id='word_1_56' title='bbox 764 1486 952 1569; x_wconf 78' lang='grc' dir='ltr'>ἀμφοτέρους</span> <span class='ocrx_word' id='word_1_57' title='bbox 976 1489 1144 1568; x_wconf 62' lang='grc' dir='ltr'>συνήγαγεν,</span> 
     </span>
    </p>
   </div>
   <div class='ocr_carea' id='block_1_3' title="bbox 134 1695 1407 3388">
    <p class='ocr_par' dir='ltr' id='par_1_5' title="bbox 134 1695 1407 3388">
     <span class='ocr_line' id='line_1_11' title="bbox 139 1695 1312 1784; baseline 0.004 -22"><span class='ocrx_word' id='word_1_58' title='bbox 139 1695 244 1781; x_wconf 85' lang='lat' dir='ltr'>Quod</span> <span class='ocrx_word' id='word_1_59' title='bbox 276 1708 520 1782; x_wconf 87' lang='lat' dir='ltr'>argumentum</span> <span class='ocrx_word' id='word_1_60' title='bbox 553 1696 585 1762; x_wconf 93' lang='lat' dir='ltr'>in</span> <span class='ocrx_word' id='word_1_61' title='bbox 619 1695 749 1784; x_wconf 94' lang='lat' dir='ltr'>optimo</span> <span class='ocrx_word' id='word_1_62' title='bbox 781 1695 901 1762; x_wconf 91' lang='lat' dir='ltr'>codice</span> <span class='ocrx_word' id='word_1_63' title='bbox 926 1695 1160 1764; x_wconf 81' lang='lat' dir='ltr'>Laurentiano</span> <span class='ocrx_word' id='word_1_64' title='bbox 1184 1700 1312 1766; x_wconf 92' lang='lat' dir='ltr'>saeculi</span> 
     </span>
     <span class='ocr_line' id='line_1_12' title="bbox 138 1801 1311 1893; baseline 0.003 -25"><span class='ocrx_word' id='word_1_65' title='bbox 138 1801 308 1869; x_wconf 88' lang='lat' dir='ltr'>undecimi</span> <span class='ocrx_word' id='word_1_66' title='bbox 332 1802 497 1890; x_wconf 83' lang='lat' dir='ltr'>seriptum</span> <span class='ocrx_word' id='word_1_67' title='bbox 514 1802 683 1872; x_wconf 90' lang='lat' dir='ltr'>videmus.</span> <span class='ocrx_word' id='word_1_68' title='bbox 731 1801 785 1869; x_wconf 88' lang='lat' dir='ltr'>De</span> <span class='ocrx_word' id='word_1_69' title='bbox 810 1813 920 1868; x_wconf 88' lang='lat' dir='ltr'>metro</span> <span class='ocrx_word' id='word_1_70' title='bbox 946 1816 1060 1870; x_wconf 91' lang='lat' dir='ltr'>autem</span> <span class='ocrx_word' id='word_1_71' title='bbox 1085 1804 1187 1871; x_wconf 90' lang='lat' dir='ltr'>huius</span> <span class='ocrx_word' id='word_1_72' title='bbox 1211 1816 1311 1893; x_wconf 83' lang='lat' dir='ltr'>argu·</span> 
     </span>
     <span class='ocr_line' id='line_1_13' title="bbox 138 1909 1312 2000; baseline 0.003 -26"><span class='ocrx_word' id='word_1_73' title='bbox 138 1909 242 1975; x_wconf 92' lang='lat' dir='ltr'>menti</span> <span class='ocrx_word' id='word_1_74' title='bbox 270 1909 480 1976; x_wconf 88' lang='lat' dir='ltr'>monendum</span> <span class='ocrx_word' id='word_1_75' title='bbox 514 1921 566 1976; x_wconf 89' lang='lat' dir='ltr'>est</span> <span class='ocrx_word' id='word_1_76' title='bbox 599 1931 720 1976; x_wconf 91' lang='lat' dir='ltr'>omnes</span> <span class='ocrx_word' id='word_1_77' title='bbox 752 1911 860 1998; x_wconf 88' lang='lat' dir='ltr'>pedes</span> <span class='ocrx_word' id='word_1_78' title='bbox 885 1909 1093 1994; x_wconf 83' lang='lat' dir='ltr'>trisyllabos,</span> <span class='ocrx_word' id='word_1_79' title='bbox 1127 1911 1184 2000; x_wconf 94' lang='lat' dir='ltr'>qui</span> <span class='ocrx_word' id='word_1_80' title='bbox 1209 1910 1312 1979; x_wconf 89' lang='lat' dir='ltr'>iambi</span> 
     </span>
     <span class='ocr_line' id='line_1_14' title="bbox 137 2015 1310 2104; baseline 0.004 -23"><span class='ocrx_word' id='word_1_81' title='bbox 137 2015 214 2082; x_wconf 89' lang='lat' dir='ltr'>loco</span> <span class='ocrx_word' id='word_1_82' title='bbox 247 2017 327 2103; x_wconf 97' lang='lat' dir='ltr'>poni</span> <span class='ocrx_word' id='word_1_83' title='bbox 359 2028 517 2104; x_wconf 86' lang='lat' dir='ltr'>possunt,</span> <span class='ocrx_word' id='word_1_84' title='bbox 541 2018 732 2083; x_wconf 83' lang='lat' dir='ltr'>secundum</span> <span class='ocrx_word' id='word_1_85' title='bbox 757 2016 853 2102; x_wconf 86' lang='lat' dir='ltr'>leges</span> <span class='ocrx_word' id='word_1_86' title='bbox 877 2038 983 2104; x_wconf 91' lang='lat' dir='ltr'>supra</span> <span class='ocrx_word' id='word_1_87' title='bbox 1008 2017 1126 2084; x_wconf 88' lang='lat' dir='ltr'>allatas</span> <span class='ocrx_word' id='word_1_88' title='bbox 1154 2017 1310 2102; x_wconf 86' lang='lat' dir='ltr'>inveniri,</span> 
     </span>
     <span class='ocr_line' id='line_1_15' title="bbox 137 2123 1309 2212; baseline 0.005 -24"><span class='ocrx_word' id='word_1_89' title='bbox 137 2133 174 2188; x_wconf 94' lang='lat' dir='ltr'>ut</span> <span class='ocrx_word' id='word_1_90' title='bbox 203 2123 398 2190; x_wconf 83' lang='lat' dir='ltr'>tribrachos</span> <span class='ocrx_word' id='word_1_91' title='bbox 427 2123 580 2190; x_wconf 89' lang='lat' dir='ltr'>secunda</span> <span class='ocrx_word' id='word_1_92' title='bbox 604 2123 637 2189; x_wconf 92' lang='lat' dir='ltr'>in</span> <span class='ocrx_word' id='word_1_93' title='bbox 662 2125 747 2191; x_wconf 89' lang='lat' dir='ltr'>sede</span> <span class='ocrx_word' id='word_1_94' title='bbox 771 2127 815 2212; x_wconf 89' lang='lat' dir='ltr'>(v.</span> <span class='ocrx_word' id='word_1_95' title='bbox 839 2130 882 2212; x_wconf 85' lang='lat'>5),</span> <span class='ocrx_word' id='word_1_96' title='bbox 908 2123 1007 2190; x_wconf 92' lang='lat' dir='ltr'>tertia</span> <span class='ocrx_word' id='word_1_97' title='bbox 1031 2125 1063 2191; x_wconf 97' lang='lat' dir='ltr'>in</span> <span class='ocrx_word' id='word_1_98' title='bbox 1087 2125 1172 2193; x_wconf 89' lang='lat' dir='ltr'>sede</span> <span class='ocrx_word' id='word_1_99' title='bbox 1197 2133 1241 2208; x_wconf 80' lang='lat' dir='ltr'>(V.</span> <span class='ocrx_word' id='word_1_100' title='bbox 1266 2128 1309 2211; x_wconf 76' lang='lat'>8),</span> 
     </span>
     <span class='ocr_line' id='line_1_16' title="bbox 137 2230 1311 2322; baseline 0.003 -27"><span class='ocrx_word' id='word_1_101' title='bbox 137 2243 259 2317; x_wconf 91' lang='lat' dir='ltr'>quarta</span> <span class='ocrx_word' id='word_1_102' title='bbox 282 2230 313 2295; x_wconf 95' lang='lat' dir='ltr'>in</span> <span class='ocrx_word' id='word_1_103' title='bbox 339 2230 424 2297; x_wconf 91' lang='lat' dir='ltr'>sede</span> <span class='ocrx_word' id='word_1_104' title='bbox 448 2231 554 2317; x_wconf 83' lang='lat' dir='ltr'>(V.1);</span> <span class='ocrx_word' id='word_1_105' title='bbox 579 2243 616 2297; x_wconf 95' lang='lat' dir='ltr'>ut</span> <span class='ocrx_word' id='word_1_106' title='bbox 633 2230 815 2322; x_wconf 85' lang='lat' dir='ltr'>¹dactylum</span> <span class='ocrx_word' id='word_1_107' title='bbox 841 2230 939 2297; x_wconf 90' lang='lat' dir='ltr'>tertia</span> <span class='ocrx_word' id='word_1_108' title='bbox 963 2230 995 2297; x_wconf 94' lang='lat' dir='ltr'>in</span> <span class='ocrx_word' id='word_1_109' title='bbox 1021 2232 1105 2299; x_wconf 90' lang='lat' dir='ltr'>sede</span> <span class='ocrx_word' id='word_1_110' title='bbox 1130 2239 1175 2317; x_wconf 80' lang='lat' dir='ltr'>(v.</span> <span class='ocrx_word' id='word_1_111' title='bbox 1199 2235 1249 2322; x_wconf 83' lang='lat'>5);</span> <span class='ocrx_word' id='word_1_112' title='bbox 1275 2245 1311 2300; x_wconf 93' lang='lat' dir='ltr'>ut</span> 
     </span>
     <span class='ocr_line' id='line_1_17' title="bbox 137 2337 1309 2429; baseline 0.006 -28"><span class='ocrx_word' id='word_1_113' title='bbox 137 2347 344 2423; x_wconf 86' lang='lat' dir='ltr'>anapaestos</span> <span class='ocrx_word' id='word_1_114' title='bbox 376 2337 485 2424; x_wconf 92' lang='lat' dir='ltr'>prima</span> <span class='ocrx_word' id='word_1_115' title='bbox 515 2339 545 2402; x_wconf 90' lang='lat' dir='ltr'>in</span> <span class='ocrx_word' id='word_1_116' title='bbox 572 2338 657 2404; x_wconf 88' lang='lat' dir='ltr'>sede</span> <span class='ocrx_word' id='word_1_117' title='bbox 681 2343 726 2421; x_wconf 87' lang='lat' dir='ltr'>(v.</span> <span class='ocrx_word' id='word_1_118' title='bbox 751 2340 794 2419; x_wconf 85' lang='grc'>6),</span> <span class='ocrx_word' id='word_1_119' title='bbox 828 2338 934 2405; x_wconf 88' lang='lat' dir='ltr'>altera</span> <span class='ocrx_word' id='word_1_120' title='bbox 964 2338 996 2404; x_wconf 92' lang='lat' dir='ltr'>in</span> <span class='ocrx_word' id='word_1_121' title='bbox 1029 2340 1113 2406; x_wconf 90' lang='lat' dir='ltr'>sede</span> <span class='ocrx_word' id='word_1_122' title='bbox 1138 2347 1184 2420; x_wconf 90' lang='lat' dir='ltr'>(v.</span> <span class='ocrx_word' id='word_1_123' title='bbox 1208 2363 1239 2422; x_wconf 82' lang='lat' dir='ltr'>a,</span> <span class='ocrx_word' id='word_1_124' title='bbox 1265 2344 1309 2429; x_wconf 82' lang='lat'>7),</span> 
     </span>
     <span class='ocr_line' id='line_1_18' title="bbox 138 2442 1310 2537; baseline 0.008 -30"><span class='ocrx_word' id='word_1_125' title='bbox 138 2455 259 2529; x_wconf 91' lang='lat' dir='ltr'>quarta</span> <span class='ocrx_word' id='word_1_126' title='bbox 285 2442 317 2508; x_wconf 95' lang='lat' dir='ltr'>in</span> <span class='ocrx_word' id='word_1_127' title='bbox 343 2444 428 2510; x_wconf 91' lang='lat' dir='ltr'>sede</span> <span class='ocrx_word' id='word_1_128' title='bbox 453 2456 496 2524; x_wconf 78' lang='lat' dir='ltr'>tv.</span> <span class='ocrx_word' id='word_1_129' title='bbox 521 2452 554 2530; x_wconf 73' lang='lat'>9)</span> <span class='ocrx_word' id='word_1_130' title='bbox 580 2466 712 2530; x_wconf 88' lang='lat' dir='ltr'>eosque</span> <span class='ocrx_word' id='word_1_131' title='bbox 737 2467 859 2511; x_wconf 89' lang='lat' dir='ltr'>omnes</span> <span class='ocrx_word' id='word_1_132' title='bbox 883 2447 917 2512; x_wconf 95' lang='lat' dir='ltr'>in</span> <span class='ocrx_word' id='word_1_133' title='bbox 943 2446 1137 2514; x_wconf 90' lang='lat' dir='ltr'>nominibus</span> <span class='ocrx_word' id='word_1_134' title='bbox 1160 2447 1310 2537; x_wconf 91' lang='lat' dir='ltr'>propriis</span> 
     </span>
     <span class='ocr_line' id='line_1_19' title="bbox 136 2549 1308 2642; baseline 0.007 -28"><span class='ocrx_word' id='word_1_135' title='bbox 136 2549 289 2638; x_wconf 87' lang='lat' dir='ltr'>exceptis</span> <span class='ocrx_word' id='word_1_136' title='bbox 321 2550 518 2637; x_wconf 86' lang='lat' dir='ltr'>anapaestis</span> <span class='ocrx_word' id='word_1_137' title='bbox 552 2551 669 2636; x_wconf 90' lang='lat' dir='ltr'>quinta</span> <span class='ocrx_word' id='word_1_138' title='bbox 701 2551 731 2616; x_wconf 94' lang='lat' dir='ltr'>in</span> <span class='ocrx_word' id='word_1_139' title='bbox 765 2552 851 2619; x_wconf 88' lang='lat' dir='ltr'>sede</span> <span class='ocrx_word' id='word_1_140' title='bbox 881 2575 1007 2620; x_wconf 87' lang='lat' dir='ltr'>versus</span> <span class='ocrx_word' id='word_1_141' title='bbox 1032 2577 1061 2642; x_wconf 88' lang='lat'>7,</span> <span class='ocrx_word' id='word_1_142' title='bbox 1096 2576 1165 2641; x_wconf 93' lang='lat' dir='ltr'>quo</span> <span class='ocrx_word' id='word_1_143' title='bbox 1195 2568 1308 2622; x_wconf 90' lang='lat' dir='ltr'>tamen</span> 
     </span>
     <span class='ocr_line' id='line_1_20' title="bbox 136 2655 1309 2750; baseline 0.006 -29"><span class='ocrx_word' id='word_1_144' title='bbox 136 2655 212 2722; x_wconf 86' lang='lat' dir='ltr'>ioco</span> <span class='ocrx_word' id='word_1_145' title='bbox 238 2671 447 2745; x_wconf 89' lang='lat' dir='ltr'>anapaestus</span> <span class='ocrx_word' id='word_1_146' title='bbox 476 2657 525 2724; x_wconf 90' lang='lat' dir='ltr'>sic</span> <span class='ocrx_word' id='word_1_147' title='bbox 550 2659 674 2746; x_wconf 30' lang='grc' dir='ltr'>,αμα</span> <span class='ocrx_word' id='word_1_148' title='bbox 699 2658 844 2747; x_wconf 92' lang='lat' dir='ltr'>partitus</span> <span class='ocrx_word' id='word_1_149' title='bbox 869 2660 1008 2727; x_wconf 90' lang='lat' dir='ltr'>nomine</span> <span class='ocrx_word' id='word_1_150' title='bbox 1031 2661 1183 2750; x_wconf 88' lang='lat' dir='ltr'>proprio,</span> <span class='ocrx_word' id='word_1_151' title='bbox 1214 2663 1309 2749; x_wconf 93' lang='lat' dir='ltr'>quod</span> 
     </span>
     <span class='ocr_line' id='line_1_21' title="bbox 135 2763 1407 2864; baseline 0.007 -36"><span class='ocrx_word' id='word_1_152' title='bbox 135 2763 301 2851; x_wconf 87' lang='lat' dir='ltr'>sequitur,</span> <span class='ocrx_word' id='word_1_153' title='bbox 328 2778 523 2846; x_wconf 87' lang='lat' dir='ltr'>excusatur,</span> <span class='ocrx_word' id='word_1_154' title='bbox 557 2779 589 2831; x_wconf 90' lang='lat' dir='ltr'>et</span> <span class='ocrx_word' id='word_1_155' title='bbox 621 2777 745 2852; x_wconf 88' lang='lat' dir='ltr'>quarta</span> <span class='ocrx_word' id='word_1_156' title='bbox 768 2767 798 2832; x_wconf 91' lang='lat' dir='ltr'>in</span> <span class='ocrx_word' id='word_1_157' title='bbox 824 2768 909 2834; x_wconf 91' lang='lat' dir='ltr'>sede</span> <span class='ocrx_word' id='word_1_158' title='bbox 933 2790 1058 2836; x_wconf 90' lang='lat' dir='ltr'>versus</span> <span class='ocrx_word' id='word_1_159' title='bbox 1080 2791 1112 2855; x_wconf 83' lang='lat'>9,</span> <span class='ocrx_word' id='word_1_160' title='bbox 1145 2770 1202 2855; x_wconf 93' lang='lat' dir='ltr'>qui</span> <span class='ocrx_word' id='word_1_161' title='bbox 1234 2792 1310 2836; x_wconf 91' lang='lat' dir='ltr'>ana·</span> <span class='ocrx_word' id='word_1_162' title='bbox 1399 2850 1407 2864; x_wconf 27' lang='grc' dir='ltr'>ι</span> 
     </span>
     <span class='ocr_line' id='line_1_22' title="bbox 136 2873 1310 2964; baseline 0.007 -29"><span class='ocrx_word' id='word_1_163' title='bbox 136 2885 276 2957; x_wconf 87' lang='lat' dir='ltr'>paestus</span> <span class='ocrx_word' id='word_1_164' title='bbox 308 2894 376 2938; x_wconf 93' lang='lat' dir='ltr'>una</span> <span class='ocrx_word' id='word_1_165' title='bbox 408 2894 427 2937; x_wconf 91' lang='lat' dir='ltr'>e</span> <span class='ocrx_word' id='word_1_166' title='bbox 457 2894 546 2939; x_wconf 89' lang='lat' dir='ltr'>voce</span> <span class='ocrx_word' id='word_1_167' title='bbox 572 2873 786 2960; x_wconf 88' lang='lat' dir='ltr'>compositus</span> <span class='ocrx_word' id='word_1_168' title='bbox 811 2885 872 2942; x_wconf 91' lang='lat' dir='ltr'>est.</span> <span class='ocrx_word' id='word_1_169' title='bbox 921 2874 978 2941; x_wconf 89' lang='lat' dir='ltr'>Bis</span> <span class='ocrx_word' id='word_1_170' title='bbox 1003 2888 1117 2941; x_wconf 92' lang='lat' dir='ltr'>autem</span> <span class='ocrx_word' id='word_1_171' title='bbox 1142 2888 1310 2964; x_wconf 88' lang='lat' dir='ltr'>apparent</span> 
     </span>
     <span class='ocr_line' id='line_1_23' title="bbox 135 2976 1309 3070; baseline 0.009 -29"><span class='ocrx_word' id='word_1_172' title='bbox 135 2976 205 3042; x_wconf 93' lang='lat' dir='ltr'>duo</span> <span class='ocrx_word' id='word_1_173' title='bbox 230 2976 397 3062; x_wconf 83' lang='lat' dir='ltr'>trisyllabi</span> <span class='ocrx_word' id='word_1_174' title='bbox 422 2979 529 3065; x_wconf 89' lang='lat' dir='ltr'>pedes</span> <span class='ocrx_word' id='word_1_175' title='bbox 554 3001 624 3045; x_wconf 94' lang='lat' dir='ltr'>uno</span> <span class='ocrx_word' id='word_1_176' title='bbox 650 2980 803 3047; x_wconf 84' lang='lat' dir='ltr'>inversu</span> <span class='ocrx_word' id='word_1_177' title='bbox 830 2981 1001 3048; x_wconf 88' lang='lat' dir='ltr'>coniuncti</span> <span class='ocrx_word' id='word_1_178' title='bbox 1018 2984 1064 3069; x_wconf 84' lang='lat' dir='ltr'>(V.</span> <span class='ocrx_word' id='word_1_179' title='bbox 1077 3005 1098 3070; x_wconf 85' lang='lat'>5</span> <span class='ocrx_word' id='word_1_180' title='bbox 1115 2981 1309 3051; x_wconf 87' lang='lat' dir='ltr'>tribrachus</span> 
     </span>
     <span class='ocr_line' id='line_1_24' title="bbox 135 3083 1309 3175; baseline 0.007 -27"><span class='ocrx_word' id='word_1_181' title='bbox 135 3093 168 3148; x_wconf 92' lang='lat' dir='ltr'>et</span> <span class='ocrx_word' id='word_1_182' title='bbox 193 3083 366 3170; x_wconf 83' lang='lat' dir='ltr'>dactylus;</span> <span class='ocrx_word' id='word_1_183' title='bbox 393 3109 423 3152; x_wconf 90' lang='grc' dir='ltr'>ν,</span> <span class='ocrx_word' id='word_1_184' title='bbox 439 3107 458 3172; x_wconf 85' lang='lat'><strong>7</strong></span> <span class='ocrx_word' id='word_1_185' title='bbox 477 3086 546 3152; x_wconf 93' lang='lat' dir='ltr'>duo</span> <span class='ocrx_word' id='word_1_186' title='bbox 576 3087 775 3174; x_wconf 84' lang='lat' dir='ltr'>anapaesti).</span> <span class='ocrx_word' id='word_1_187' title='bbox 824 3088 859 3153; x_wconf 88' lang='lat' dir='ltr'>In</span> <span class='ocrx_word' id='word_1_188' title='bbox 886 3087 1038 3155; x_wconf 90' lang='lat' dir='ltr'>caesuris</span> <span class='ocrx_word' id='word_1_189' title='bbox 1064 3110 1205 3175; x_wconf 92' lang='lat' dir='ltr'>quoque</span> <span class='ocrx_word' id='word_1_190' title='bbox 1229 3088 1309 3156; x_wconf 87' lang='lat' dir='ltr'>nihii</span> 
     </span>
     <span class='ocr_line' id='line_1_25' title="bbox 134 3187 1307 3283; baseline 0.007 -29"><span class='ocrx_word' id='word_1_191' title='bbox 134 3187 284 3255; x_wconf 91' lang='lat' dir='ltr'>inusitati</span> <span class='ocrx_word' id='word_1_192' title='bbox 308 3193 395 3257; x_wconf 91' lang='lat' dir='ltr'>inest</span> <span class='ocrx_word' id='word_1_193' title='bbox 420 3192 550 3274; x_wconf 81' lang='lat' dir='ltr'>(octies</span> <span class='ocrx_word' id='word_1_194' title='bbox 565 3194 808 3280; x_wconf 89' lang='lat' dir='ltr'>semiquinaria</span> <span class='ocrx_word' id='word_1_195' title='bbox 833 3197 880 3280; x_wconf 90' lang='grc' dir='ltr'>(ν.</span> <span class='ocrx_word' id='word_1_196' title='bbox 898 3216 926 3275; x_wconf 91' lang='lat'>1,</span> <span class='ocrx_word' id='word_1_197' title='bbox 944 3217 973 3276; x_wconf 87' lang='lat'>2,</span> <span class='ocrx_word' id='word_1_198' title='bbox 991 3216 1023 3282; x_wconf 82' lang='lat'>3,</span> <span class='ocrx_word' id='word_1_199' title='bbox 1047 3217 1079 3282; x_wconf 84' lang='lat'>4,</span> <span class='ocrx_word' id='word_1_200' title='bbox 1103 3217 1134 3282; x_wconf 85' lang='lat'>5,</span> <span class='ocrx_word' id='word_1_201' title='bbox 1158 3197 1190 3280; x_wconf 86' lang='lat'>6,</span> <span class='ocrx_word' id='word_1_202' title='bbox 1214 3197 1245 3281; x_wconf 89' lang='lat'>8,</span> <span class='ocrx_word' id='word_1_203' title='bbox 1262 3200 1307 3283; x_wconf 89' lang='lat'>9),</span> 
     </span>
     <span class='ocr_line' id='line_1_26' title="bbox 134 3289 1161 3388; baseline 0.009 -28"><span class='ocrx_word' id='word_1_204' title='bbox 134 3297 241 3362; x_wconf 85' lang='lat' dir='ltr'>semel</span> <span class='ocrx_word' id='word_1_205' title='bbox 264 3297 548 3385; x_wconf 86' lang='lat' dir='ltr'>semiseptenaria</span> <span class='ocrx_word' id='word_1_206' title='bbox 574 3300 618 3386; x_wconf 85' lang='grc' dir='ltr'>(ν.</span> <span class='ocrx_word' id='word_1_207' title='bbox 646 3303 677 3387; x_wconf 84' lang='lat'>7)</span> <span class='ocrx_word' id='word_1_208' title='bbox 701 3300 898 3388; x_wconf 85' lang='lat' dir='ltr'>invenitur).</span> <span class='ocrx_word' id='word_1_209' title='bbox 1159 3289 1161 3295; x_wconf 40' lang='lat'><strong>¹</strong></span> 
     </span>
    </p>
   </div>
   <div class='ocr_carea' id='block_1_4' title="bbox 223 3456 1307 3549">
    <p class='ocr_par' dir='ltr' id='par_1_6' title="bbox 223 3456 1307 3549">
     <span class='ocr_line' id='line_1_27' title="bbox 223 3456 1307 3549; baseline 0.006 -28"><span class='ocrx_word' id='word_1_210' title='bbox 223 3456 271 3522; x_wconf 75' lang='lat' dir='ltr'>At</span> <span class='ocrx_word' id='word_1_211' title='bbox 288 3471 531 3543; x_wconf 87' lang='lat' dir='ltr'>argumentum</span> <span class='ocrx_word' id='word_1_212' title='bbox 551 3458 746 3547; x_wconf 89' lang='lat' dir='ltr'>Oedipodis</span> <span class='ocrx_word' id='word_1_213' title='bbox 761 3459 881 3546; x_wconf 89' lang='lat' dir='ltr'>Regis,</span> <span class='ocrx_word' id='word_1_214' title='bbox 907 3462 950 3528; x_wconf 94' lang='lat' dir='ltr'>de</span> <span class='ocrx_word' id='word_1_215' title='bbox 967 3483 1038 3549; x_wconf 92' lang='lat' dir='ltr'>quo</span> <span class='ocrx_word' id='word_1_216' title='bbox 1056 3474 1212 3528; x_wconf 90' lang='lat' dir='ltr'>extremo</span> <span class='ocrx_word' id='word_1_217' title='bbox 1230 3462 1307 3529; x_wconf 86' lang='lat' dir='ltr'>ioco</span> 
     </span>
    </p>
   </div>
   <div class='ocr_carea' id='block_1_5' title="bbox 134 3562 1307 3738">
    <p class='ocr_par' dir='ltr' id='par_1_7' title="bbox 134 3562 1307 3738">
     <span class='ocr_line' id='line_1_28' title="bbox 135 3562 1307 3654; baseline 0.008 -28"><span class='ocrx_word' id='word_1_218' title='bbox 135 3583 225 3627; x_wconf 89' lang='lat' dir='ltr'>nunc</span> <span class='ocrx_word' id='word_1_219' title='bbox 250 3562 510 3650; x_wconf 86' lang='lat' dir='ltr'>disputabimus,</span> <span class='ocrx_word' id='word_1_220' title='bbox 541 3588 645 3648; x_wconf 85' lang='lat' dir='ltr'>unum</span> <span class='ocrx_word' id='word_1_221' title='bbox 672 3578 782 3633; x_wconf 90' lang='lat' dir='ltr'>metro</span> <span class='ocrx_word' id='word_1_222' title='bbox 807 3590 827 3634; x_wconf 93' lang='lat' dir='ltr'>a</span> <span class='ocrx_word' id='word_1_223' title='bbox 850 3568 973 3634; x_wconf 88' lang='lat' dir='ltr'>ceteris</span> <span class='ocrx_word' id='word_1_224' title='bbox 997 3572 1213 3654; x_wconf 86' lang='lat' dir='ltr'>argumentis</span> <span class='ocrx_word' id='word_1_225' title='bbox 1238 3592 1307 3635; x_wconf 93' lang='lat' dir='ltr'>me·</span> 
     </span>
     <span class='ocr_line' id='line_1_29' title="bbox 134 3666 423 3738; baseline 0.017 -5"><span class='ocrx_word' id='word_1_226' title='bbox 134 3666 225 3734; x_wconf 86' lang='lat' dir='ltr'>tricis</span> <span class='ocrx_word' id='word_1_227' title='bbox 250 3669 423 3738; x_wconf 90' lang='lat' dir='ltr'>abhorret.</span> 
     </span>
    </p>
   </div>
   <div class='ocr_carea' id='block_1_6' title="bbox 308 3831 1042 4347">
    <p class='ocr_par' dir='ltr' id='par_1_8' title="bbox 346 3831 1042 4244">
     <span class='ocr_line' id='line_1_30' title="bbox 347 3831 1042 3923; baseline 0.009 -30"><span class='ocrx_word' id='word_1_228' title='bbox 347 3831 446 3894; x_wconf 81' lang='grc' dir='ltr'>Λιτὼν</span> <span class='ocrx_word' id='word_1_229' title='bbox 472 3833 613 3921; x_wconf 84' lang='grc' dir='ltr'>Κόρινθον</span> <span class='ocrx_word' id='word_1_230' title='bbox 639 3835 789 3911; x_wconf 75' lang='grc' dir='ltr'>Οἰδίπους,</span> <span class='ocrx_word' id='word_1_231' title='bbox 814 3839 928 3923; x_wconf 82' lang='grc' dir='ltr'>πατρὸς</span> <span class='ocrx_word' id='word_1_232' title='bbox 952 3839 1042 3910; x_wconf 87' lang='grc' dir='ltr'>νόθος</span> 
     </span>
     <span class='ocr_line' id='line_1_31' title="bbox 346 3940 1038 4029; baseline 0.007 -29"><span class='ocrx_word' id='word_1_233' title='bbox 346 3940 422 4025; x_wconf 77' lang='grc' dir='ltr'>πρὸς</span> <span class='ocrx_word' id='word_1_234' title='bbox 446 3947 505 4001; x_wconf 83' lang='grc' dir='ltr'>των</span> <span class='ocrx_word' id='word_1_235' title='bbox 530 3944 667 4003; x_wconf 81' lang='grc' dir='ltr'>ἁπάντων</span> <span class='ocrx_word' id='word_1_236' title='bbox 691 3945 916 4029; x_wconf 73' lang='grc' dir='ltr'>λοιδορούμενος</span> <span class='ocrx_word' id='word_1_237' title='bbox 942 3941 1038 4023; x_wconf 76' lang='grc' dir='ltr'>ξενος,</span> 
     </span>
     <span class='ocr_line' id='line_1_32' title="bbox 348 4047 1008 4132; baseline 0.005 -25"><span class='ocrx_word' id='word_1_238' title='bbox 348 4047 442 4129; x_wconf 75' lang='grc' dir='ltr'>ἦλθεν</span> <span class='ocrx_word' id='word_1_239' title='bbox 466 4049 610 4110; x_wconf 77' lang='grc' dir='ltr'>πυθέσθαι</span> <span class='ocrx_word' id='word_1_240' title='bbox 633 4048 770 4111; x_wconf 75' lang='grc' dir='ltr'>Πυθικῶν</span> <span class='ocrx_word' id='word_1_241' title='bbox 794 4051 1008 4132; x_wconf 80' lang='grc' dir='ltr'>θεσπισμάτων,</span> 
     </span>
     <span class='ocr_line' id='line_1_33' title="bbox 348 4153 994 4244; baseline 0.011 -32"><span class='ocrx_word' id='word_1_242' title='bbox 348 4159 451 4234; x_wconf 70' lang='grc' dir='ltr'>ζητῶν</span> <span class='ocrx_word' id='word_1_243' title='bbox 477 4153 580 4216; x_wconf 80' lang='grc' dir='ltr'>ἑαυτὸν</span> <span class='ocrx_word' id='word_1_244' title='bbox 604 4156 650 4216; x_wconf 82' lang='grc' dir='ltr'>καὶ</span> <span class='ocrx_word' id='word_1_245' title='bbox 675 4159 778 4237; x_wconf 65' lang='grc' dir='ltr'>γένους</span> <span class='ocrx_word' id='word_1_246' title='bbox 802 4162 994 4244; x_wconf 81' lang='grc' dir='ltr'>ῳυτοστόμον.</span> 
     </span>
    </p>

    <p class='ocr_par' dir='ltr' id='par_1_9' title="bbox 308 4258 1029 4347">
     <span class='ocr_line' id='line_1_34' title="bbox 308 4258 1029 4347; baseline 0.01 -30"><span class='ocrx_word' id='word_1_247' title='bbox 308 4279 320 4316; x_wconf 80' lang='grc' dir='ltr'>ο</span> <span class='ocrx_word' id='word_1_248' title='bbox 349 4258 441 4344; x_wconf 77' lang='grc' dir='ltr'>εὑρὼν</span> <span class='ocrx_word' id='word_1_249' title='bbox 465 4259 496 4321; x_wconf 73' lang='grc' dir='ltr'>δὲ</span> <span class='ocrx_word' id='word_1_250' title='bbox 520 4263 644 4346; x_wconf 75' lang='grc' dir='ltr'>τλήμων</span> <span class='ocrx_word' id='word_1_251' title='bbox 669 4264 698 4324; x_wconf 81' lang='grc' dir='ltr'>ἐν</span> <span class='ocrx_word' id='word_1_252' title='bbox 723 4273 841 4336; x_wconf 81' lang='grc' dir='ltr'>στεναῖς</span> <span class='ocrx_word' id='word_1_253' title='bbox 865 4262 1029 4347; x_wconf 70' lang='grc' dir='ltr'>ἁμαξιτοῖς,</span> 
     </span>
    </p>
   </div>
   <div class='ocr_carea' id='block_1_7' title="bbox 0 0 1524 5010">
    <p class='ocr_par' dir='ltr' id='par_1_10' title="bbox 0 0 1524 5010">
     <span class='ocr_line' id='line_1_35' title="bbox 0 0 1524 5010; baseline 0 4"><span class='ocrx_word' id='word_1_254' title='bbox 0 0 1524 5010; x_wconf 95' lang='lat' dir='ltr'> </span> 
     </span>
    </p>
   </div>
  </div>
 </body>
</html>
