3038 5010
839 457 1051 521 ..χχ-

462 649 554 715 Inter
584 669 697 715 versus
727 671 769 715 ex
800 651 917 714 iambis
951 651 1126 714 maximam
1158 655 1283 735 partem
1317 647 1512 736 compositos

376 756 581 820 choriambus
605 777 663 841 pro
687 754 826 819 diiambo
849 756 969 839 legitur

686 875 832 962 Choeph.
857 877 1200 939 42-53=54-65:
1256 927 1258 931 .

530 981 672 1072 [τοιάνδε
693 981 786 1071 χάριν
808 979 963 1073 ἀχάριτον
985 979 1179 1073 ἀπότροπον
1200 986 1317 1066 κανοῦν,

532 1086 572 1156 td
594 1093 674 1176 yolo
695 1093 790 1174 μαῖα,
814 1088 949 1174 μωμένα
970 1082 1002 1173 μ’
1031 1085 1134 1155 ἰάλλει
1477 1121 1506 1159 ⁴⁵

530 1189 672 1273 δυ’σθεος
693 1188 786 1280 χυνά·
810 1194 978 1282 φοβοῦμαι
1002 1187 1119 1271 δ’ἔπος
1139 1185 1210 1258 τόδ’
1237 1190 1400 1277 ἐκβαλεῖν.Ι

529 1294 564 1362 τῖ
587 1293 647 1384 γὰρ
670 1293 784 1383 λότρον
807 1293 966 1376 πεσόντος
989 1298 1130 1381 αἳματος
1152 1294 1269 1375 raddon,-

532 1396 571 1465 ῖώ
595 1397 753 1482 πάνοιζυς
775 1397 879 1481 ἑστία,

530 1500 570 1569 td
593 1503 805 1592 κατασκαφαὶ
829 1499 947 1588 δόμων.

529 1601 657 1697 ἀνήλιοι
678 1606 916 1696 βροτοστυγεῖς]

531 1707 648 1800 δνόφοι
670 1708 874 1777 καλύπτουσι
897 1707 1019 1796 δόμους

530 1812 713 1902 [δεσποτῶν
735 1810 939 1899 θανάτοισι.]

376 1936 467 2000 cuius
501 1937 653 2024 strophae
687 1959 802 2002 versus
842 1939 998 2000 52:64
1030 1935 1317 2021 aWestphali01>
1345 1942 1378 2001 et
1405 1937 1511 2003 Bern-

353 2039 527 2124 0hardi02)
551 2061 653 2124 aeque
677 2047 773 2124 atque
789 2060 904 2104 versus
926 2040 1059 2104 ultimus
1086 2040 1293 2126 logaoedious
1315 2041 1510 2107 nominatur.

670 2161 765 2225 Eum.
791 2165 960 2225 550-557
977 2195 1016 2216 =
1034 2165 1214 2228 558-565.

463 2268 557 2360 λὲκών
579 2266 757 2358 δ’άνάχκας
780 2266 856 2359 άτερ
879 2270 1007 2353 δίκαιος
1029 2269 1072 2340 dv
1095 2269 1154 2340 oria
1177 2269 1313 2361 άνολβος
1335 2270 1437 2355 ἔσται,

463 2372 680 2464 πανώλεθρος
703 2370 761 2464 [δ’]
787 2370 900 2443 οὔποτ’
926 2372 965 2442 δν
987 2377 1123 2464 γένοιτο.

463 2477 520 2547 τόν
542 2474 736 2565 άντίτολμον
759 2480 796 2546 δέ
818 2505 904 2569 φαμι
928 2478 1104 2569 παρβάταν

467 2584 496 2671 [ν
512 2580 589 2672 „lad
611 2579 720 2650 πολλὰ
743 2578 942 2672 παντόφυρτ)
969 2578 1043 2652 dinco
1066 2583 1161 2665 δίκας

463 2685 583 2774 βιαίως
605 2683 661 2768 ξὺν
683 2682 785 2775 χρόνῳ
808 2684 990 2777 rubricata]
1465 2722 1510 2760 555

463 2793 584 2880 λαῖφος
606 2787 684 2858 όταν
705 2787 788 2880 λάβῃ
811 2788 915 2871 πόνος
936 2791 1146 2878 θραυομένας
1168 2790 1310 2878 κεραίας.

464 2933 537 2996 Ηοο
561 2934 633 2997 loeo
657 2933 731 2997 finis
755 2934 908 3019 strophae
926 2955 967 2997 ex
988 2935 1104 2999 iambis
1128 2935 1317 3006 constantis,
1341 2933 1394 3018 qui
1418 2938 1512 2996 tenes

379 3037 516 3101 artificio
540 3038 656 3102 variati
680 3042 765 3117 sunt,
789 3037 849 3101 hoc
872 3059 970 3101 versu
993 3038 1146 3102 efficitur:

378 3267 474 3330 quem
501 3245 677 3309 scholiasta
700 3265 827 3329 quoque
850 3240 1063 3329 χοριαμβικδν
1086 3247 1223 3331 vocam)

468 3454 572 3518 Simili
602 3474 665 3538 qno
689 3454 873 3540 Aeschylus
901 3453 998 3518 modo
1023 3453 1203 3518 Sornocnas
1226 3454 1410 3519 choriambo
1432 3475 1513 3519 usus

378 3563 429 3620 est
457 3559 489 3621 in
522 3557 663 3643 strophis
696 3558 937 3644 componendis.
986 3557 1086 3621 Cuius
1120 3563 1236 3643 poetae
1264 3558 1354 3621 nulla
1382 3557 1513 3642 quidem

379 3660 511 3746 stropha
550 3661 690 3724 iambica
733 3667 844 3743 extat,
879 3683 962 3747 quae
1003 3662 1126 3725 nullam
1162 3661 1259 3724 aliam
1295 3662 1432 3725 formam
1462 3660 1511 3725 di-

378 3765 478 3828 iambi
517 3766 631 3829 variati
676 3767 832 3849 praebeat
875 3767 937 3829 nisi
976 3765 1208 3830 choriambum.
1264 3764 1370 3829 Unius
1403 3770 1512 3828 tamen

378 3867 531 3954 strophae
564 3869 648 3932 male
678 3868 816 3932 traditae
849 3871 950 3932 maior
979 3891 1054 3955 pars
1083 3869 1199 3933 iambis
1230 3874 1368 3948 constat,
1397 3867 1512 3953 quibus

378 3971 558 4036 choriambi
589 3974 768 4037 intermixti
798 3980 888 4056 sunt,
918 3974 1075 4058 siquidem
1107 3974 1275 4038 contextui
1299 3975 1512 4038 verboruma

377 4075 549 4139 Dindorfio
574 4075 730 4140 audacter
753 4078 928 4140 constituto
953 4076 1033 4140 fides
1056 4076 1209 4141 habenda
1232 4083 1297 4140 est:

448 4269 467 4333 ¹)
485 4265 588 4319 Metril(
607 4266 655 4318 11²
674 4284 701 4334 p.
720 4265 779 4319 534.

447 4354 467 4420 ²)
486 4353 527 4405 De
544 4354 624 4405 tonas
644 4369 695 4404 usu
713 4370 740 4420 p.
760 4351 799 4404 13.

448 4440 468 4506 θ)
487 4438 575 4491 Schol.
595 4435 655 4508 περὶ
673 4439 782 4508 μέτρων
800 4437 838 4490 ΙΙΙ
857 4455 884 4505 p.
903 4437 1001 4490 530111
1021 4437 1063 4493 ed.
1082 4437 1163 4492 Dind.
1189 4439 1275 4494 Oxou.
1297 4439 1369 4493 1851.
