3038 5010
559 263 774 326 ..89-

189 450 328 514 Omnino
356 460 466 514 autem
495 452 632 537 plurima
655 473 781 532 eorum,
809 473 893 536 quae
925 452 986 515 hoc
1009 455 1105 518 tertio
1128 452 1235 538 capite

101 555 253 639 exposita
283 561 376 636 sunt,
406 555 600 619 dubitationi
633 556 775 620 obnoxia
804 579 878 620 csse
906 556 1047 640 ingenue
1072 557 1234 642 profiteor.

101 655 153 718 Ex
181 657 327 742 plurimis
349 663 459 721 tamen
482 656 618 722 canticis
643 657 871 723 removendam
896 679 969 722 esse
999 663 1102 721 artam
1131 656 1235 722 chori·

102 760 300 825 ambicorum
330 767 363 825 et
392 761 571 825 ionicorum
599 783 753 826 versuum
777 762 967 826 societatem
992 760 1235 825 demonstrasse

101 864 181 927 mihi
205 864 326 929 videor.
373 864 527 928 Ueterum
552 865 585 928 in
608 871 677 928 tota
699 865 760 929 hac
785 865 1061 930 commentatione
1081 886 1236 929 versuum

102 966 294 1032 divisionem
318 989 337 1031 a
360 990 410 1033 me
435 990 547 1054 parum
570 975 716 1032 curatam
739 990 815 1034 esse
840 968 927 1034 haud
950 969 1072 1034 nescio.

565 1216 770 1223 ..μ-

189 1402 271 1467 Cum
300 1405 397 1468 finem
428 1405 581 1469 fecissem
611 1404 833 1490 imprimendis
868 1404 918 1468 bis
947 1400 1237 1487 disquisitionibus,

104 1507 260 1571 Lndoviei
276 1507 499 1573 Tichclmanni
523 1508 710 1573 dissertatio
727 1507 930 1594 (Regimcnti
951 1510 1045 1588 1884)
1066 1507 1100 1570 in
1121 1527 1237 1570 manus

104 1636 193 1677 meas
210 1613 369 1698 pervenit,
392 1633 476 1698 quae
493 1612 696 1676 inscribitur:
720 1613 761 1678 dc
773 1613 923 1677 uersibus
940 1611 1055 1677 ionicis
1077 1609 1237 1677 aminore

103 1716 190 1802 apud
219 1722 335 1801 poetas
360 1715 505 1780 Graecos
535 1715 648 1781 obviis.
702 1714 774 1789 Quo
805 1715 838 1780 in
866 1715 978 1780 libello
1006 1735 1090 1800 quae
1113 1712 1238 1800 profert

104 1821 356 1886 Tichelmannus
387 1821 428 1885 de
456 1842 492 1886 re
520 1821 669 1902 metrica,
701 1842 834 1906 prorsus
864 1821 995 1886 diversa
1024 1825 1100 1884 sunt
1130 1818 1170 1883 ab
1198 1817 1238 1882 iis

83 1935 187 2010 'quae
212 1946 273 2010 ego
295 1926 431 2010 protuli,
459 1931 496 1989 ut
518 1926 649 2009 longum
672 1925 729 2006 sit,
753 1924 793 1990 de
817 1930 866 1989 tot
888 1924 986 1989 rebus
1010 1944 1083 1988 cum
1106 1943 1144 1986 eo
1171 1921 1237 1985 dis-

104 2034 252 2114 ceptare;
277 2050 359 2113 quse
378 2029 418 2094 de
436 2028 573 2114 singulis
590 2028 738 2093 versibus
755 2028 806 2092 vel
823 2027 964 2113 strophis
980 2025 1119 2091 dicenda
1134 2031 1238 2105 erant,

104 2156 161 2200 suc
189 2135 261 2198 loeo
290 2143 310 2198 a
337 2155 388 2198 me
416 2133 543 2218 prolata
571 2137 657 2198 sunt.
710 2131 821 2196 Pauca
844 2129 994 2196 addenda
1022 2136 1097 2194 sunt
1123 2129 1164 2194 de
1198 2129 1237 2193 iis

105 2240 182 2303 loeis
196 2261 227 2302 a
249 2238 481 2303 Tichelmenno
505 2235 661 2316 laudatis,
683 2257 764 2321 quos
787 2236 858 2321 ipse
882 2256 946 2299 nou
971 2234 1237 2299 commemoravi:

138 2347 166 2407 1.
190 2344 227 2409 fr.
243 2343 333 2429 lyrio.
350 2343 462 2427 adesp.
483 2344 539 2405 121
561 2340 668 2426 (Tich.
686 2362 717 2426 p.
739 2338 792 2424 13)
808 2346 844 2404 ut
860 2339 1070 2425 galliembum
1086 2338 1237 2404 omitten-

191 2448 267 2511 dum
289 2467 362 2511 esse
386 2445 510 2510 censui.

138 2554 168 2617 2.
184 2550 268 2614 Eur.
287 2551 325 2613 fr.
339 2551 401 2614 390
416 2547 519 2632 (Tich.
533 2571 565 2634 p.
581 2547 632 2632 13)
649 2548 691 2612 ab
706 2549 820 2613 ionicis
836 2547 981 2612 numeris
997 2567 1061 2610 non
1078 2545 1239 2624 abhorret,

193 2659 304 2719 tamen
327 2653 391 2717 alia
415 2672 543 2736 quoque
567 2673 723 2716 mensura
745 2651 867 2737 optimo
891 2651 960 2716 iure
976 2648 1102 2714 admitti
1122 2654 1238 2734 potest.

192 2756 296 2822 Simili
318 2755 414 2820 modo
439 2753 646 2819 iudicandum
671 2760 721 2819 est
743 2753 784 2819 dc

139 2864 168 2926 3.
192 2859 360 2945 Aristoph.
381 2880 431 2925 av.
450 2859 512 2923 238
537 2856 642 2942 (Tioh.
661 2880 691 2944 p.
711 2858 775 2943 15),
799 2861 857 2922 241
885 2857 992 2945 (Tich.
1015 2879 1047 2943 p.
1063 2855 1130 2942 20).
1176 2858 1240 2932 Qui

192 2987 305 3030 versus
321 2963 415 3050 petiti
430 2969 504 3026 suut
525 2985 543 3027 e
561 2963 703 3027 carmine
718 2963 759 3027 ed
777 2963 886 3027 avium
903 2967 1033 3027 cantum
1047 2959 1239 3026 imitandum

192 3068 400 3133 liberioribus
429 3067 572 3132 numeris
602 3067 794 3152 composito.
851 3065 976 3132 Eadem
1005 3066 1122 3152 igitur,
1156 3088 1240 3151 quae

193 3174 264 3258 ipsc
276 3171 528 3236 Tichelmannus
545 3192 576 3256 p.
590 3173 630 3233 20
643 3168 684 3234 de
698 3192 727 3234 v.
741 3173 800 3233 141
820 3191 885 3235 nou
896 3191 955 3256 pro
967 3170 1073 3235 ionico
1088 3168 1240 3234 habendo

192 3275 286 3355 dixit,
309 3297 339 3360 p.
366 3278 404 3338 15
427 3273 468 3339 dc
491 3296 522 3340 v.
546 3276 608 3339 238
631 3273 741 3339 dicere
765 3275 881 3360 potuit.

143 3386 172 3444 4.
197 3379 317 3444 Aesch.
340 3377 458 3463 Agam.
481 3379 554 3443 689.
578 3381 641 3442 690
664 3409 704 3432 =
730 3380 801 3442 707.
827 3379 888 3443 708
913 3376 1016 3462 (Tioh.
1040 3399 1071 3462 p.
1092 3377 1142 3462 111)
1167 3379 1240 3440 691.

195 3486 258 3547 eea
285 3513 324 3536 =
355 3485 425 3546 too.
457 3486 518 3545 710
549 3481 653 3568 (Tich.
677 3504 708 3568 p.
733 3483 787 3564 27)
817 3484 889 3546 cel.
918 3484 980 3545 695
1008 3512 1047 3534 =
1079 3483 1149 3543 711.
1179 3484 1240 3545 713

196 3586 300 3671 (Tich.
316 3609 348 3672 p.
362 3585 426 3670 48).
464 3585 615 3671 stropha,
639 3586 731 3651 cuius
748 3584 856 3650 media
870 3606 945 3671 pars
961 3583 1175 3664 his-versibus
1192 3584 1239 3649 ef-

194 3691 315 3771 ficitur,
347 3712 367 3755 a
394 3691 543 3755 versibus
573 3689 660 3755 haud
688 3689 784 3755 dubie
809 3688 1082 3754 descendentibus
1109 3689 1240 3775 incipit3

194 3817 307 3861 versus
330 3795 443 3880 igitur,
473 3794 528 3879 qui
551 3800 747 3881 sequuntur,
778 3815 881 3878 acque
904 3792 1142 3859 descendentes
1166 3813 1240 3858 esse

196 3921 235 3964 eo
258 3900 362 3983 magis
385 3899 550 3984 probatur,
573 3897 658 3983 quod
681 3898 771 3962 nulla
792 3918 828 3961 re
843 3897 925 3961 ha'ec
940 3916 1093 3960 mensura
1110 3893 1243 3959 reicitur

196 4009 292 4088 atque
327 4023 369 4066 ne
399 4001 654 4067 Tichelmaunus
689 4001 818 4086 quidem
850 3999 913 4063 nisi
942 3998 1038 4063 nimis
1069 3998 1242 4063 artificiosa

197 4106 414 4192 explicatione
441 4127 521 4170 usus
553 4105 598 4191 (p.
625 4105 679 4191 10)
707 4126 823 4170 uersus
851 4104 977 4190 priores
1007 4104 1080 4169 689.
1109 4103 1172 4168 690
1199 4134 1240 4163 =

199 4213 270 4277 707.
295 4212 355 4274 708
379 4209 492 4277 ionicis
515 4209 658 4276 numeris
681 4208 860 4276 attribuere
882 4206 995 4295 potuit.
