3038 5010
716 455 806 538 [145]
1309 463 1326 524 r

193 647 292 711 fuisse
313 646 544 712 affirmaverim.
589 646 684 720 Quod
708 667 779 710 cum
794 654 947 732 appareat
971 671 1012 715 cx
1029 670 1180 715 versuum
1200 652 1328 717 illorum

194 751 377 816 definitione
394 750 515 836 (Heph.
533 773 600 835 cap.
616 750 714 834 XV):
738 752 860 816 Γίνεται
883 752 914 816 δὲ
929 756 977 816 καὶ
992 751 1197 838 ἀσυνάρτητα,
1214 753 1328 821 ὁπόταν

194 853 247 919 cto
270 861 350 918 κῶλα
372 852 417 938 μὴ
440 853 597 935 δυνάμενα
619 853 759 939 αλλήλοις
775 863 1009 940 συναρτηθῆναι
1023 858 1104 941 μηδὲ
1126 859 1233 923 ἕνωσιν
1248 858 1328 944 ἔχειν

192 959 263 1023 ἀντὶ
285 956 348 1036 ἓνός
369 957 466 1040 μόνου
488 957 760 1042 παραλαμβάνηται
776 961 892 1043 στίχου,
909 963 1008 1046 magis
1024 961 1108 1026 idem
1124 963 1219 1028 docet
1236 964 1328 1049 ratio,

196 1085 259 1148 qua
282 1085 392 1129 versus
414 1064 446 1126 in
470 1065 540 1128 cola
562 1063 684 1128 dividit.
728 1063 811 1128 Nam
835 1085 907 1129 cum
922 1066 992 1128 cola
1015 1086 1078 1129 non
1093 1067 1252 1133 finiatnisi
1273 1069 1329 1134 ubi

193 1164 272 1250 τομή
297 1174 353 1249 est,
376 1168 445 1232 fieri
466 1173 584 1251 potest,
613 1174 649 1231 ut
674 1168 802 1233 eosdem
835 1189 953 1252 versus,
983 1171 1065 1235 inter
1097 1192 1176 1255 quos
1206 1173 1328 1237 nullum

194 1271 363 1337 discrimen
386 1272 564 1349 intercedit,
587 1273 646 1337 nisi
669 1272 755 1356 quod
779 1272 910 1338 diversis
932 1274 1010 1338 locis
1039 1275 1138 1340 verba
1166 1276 1328 1360 finiuntur,

193 1376 274 1440 alios
290 1377 359 1440 aliis
375 1377 452 1440 colis
469 1397 538 1441 esse
554 1377 747 1462 compositos
762 1381 891 1441 statuat.
917 1377 1130 1442 Luculentum
1146 1381 1328 1464 exemplum

193 1487 241 1544 est
255 1480 424 1565 explicatio
438 1487 695 1546 tetrametrorum
708 1481 941 1546 trochaicorum
954 1491 1202 1568 syncopatcrum
1214 1484 1328 1550 horum

193 1606 213 1648 a
236 1583 408 1669 Sapphone
431 1584 695 1670 compositorum:

381 1713 444 1779 ἔστι
466 1740 519 1796 μοι
541 1713 618 1779 καλοῖ
640 1712 711 1792 πάϊς
733 1713 905 1798 χρυσέαισιν
927 1713 1107 1796 ἀνθέμοισιν

269 1829 273 1834 ’
378 1821 501 1904 ἐμφερῆ
523 1816 626 1902 ἔχοισα
647 1818 782 1905 μορφάν,
807 1821 919 1904 Κλεηὶς
941 1817 1084 1902 αγαπαταί
1096 1820 1117 1897 ¹,

194 1971 329 2035 qnorum
351 1951 489 2035 priorem
512 1972 576 2016 non
599 1949 681 2013 male
704 1949 779 2014 dicit
799 1956 944 2015 constare
960 1951 990 2014 ἐκ
1006 1957 1171 2034 apogniaci
1186 1950 1327 2036 ἑφθημι-

191 2060 302 2136 μεροῢς
323 2055 343 2118 i.
367 2077 394 2118 e.
416 2078 457 2120 ex
480 2053 661 2138 tetrapodia
684 2054 784 2119 troch.
808 2055 898 2119 catal.
929 2051 993 2118 ἔστι
1014 2081 1066 2135 μοι
1096 2051 1172 2118 καλοὶ
1200 2053 1270 2132 πάϊς
1293 2063 1327 2122 ot

194 2180 234 2222 ex
258 2157 390 2222 dimetro
415 2159 590 2223 acatalecto
607 2155 778 2242 χρυσέοισιν
795 2157 985 2239 ἀνθέμοισιν,
1009 2158 1144 2222 alterum
1161 2179 1247 2242 vero,
1265 2181 1327 2248 quo

192 2260 273 2345 τομή
309 2264 487 2348 posteriore
519 2265 591 2329 loco
628 2265 680 2346 fit,
718 2287 757 2330 ex
790 2265 925 2330 dimetro
960 2264 1060 2329 troch.
1096 2273 1175 2330 acet.
1209 2270 1330 2352 ἐμφερῆ

191 2363 294 2448 ἔχοισα
315 2365 436 2449 μορφάν
459 2374 490 2431 et
520 2389 560 2432 ex
584 2368 719 2433 iambico
743 2367 1017 2452 hephthemimcre
1040 2371 1152 2454 Κλεηὶς
1174 2368 1328 2452 ἁγααατά,

192 2491 275 2555 quae
299 2471 466 2554 explicatio
492 2492 684 2556 quamquam
706 2493 747 2536 ne
771 2471 974 2557 Wcstphalio
1007 2473 1134 2558 quidem
1165 2474 1328 2558 probatur,

192 2574 394 2640 nihilominus
423 2576 450 2640 is
479 2576 511 2640 in
542 2577 656 2641 ceteris
686 2576 831 2641 omnibus
860 2576 1135 2663 Hephaestionem
1164 2577 1329 2644 auctorem

193 2679 345 2765 sequitur.

724 2897 794 2980 §2

295 3043 390 3108 Prius
414 3064 509 3131 quam
532 3044 633 3109 altera
655 3045 727 3109 libri
751 3047 790 3111 de
813 3069 847 3111 re
873 3042 1004 3111 metrica
1032 3048 1202 3131 conscripti
1231 3047 1327 3113 editio

192 3168 211 3210 a
235 3146 436 3232 Westphalio
460 3146 580 3232 publici
607 3149 683 3213 iuris
712 3149 798 3214 facta
827 3156 884 3230 est,
914 3149 1098 3217 Fridericus
1124 3150 1328 3217 Goldmann2

192 3249 241 3332 (id
266 3251 353 3337 quod
376 3272 436 3336 ego
456 3273 583 3337 quoque
598 3253 727 3339 proprio
743 3253 848 3319 Marte
868 3254 1092 3336 conieceram),
1109 3276 1203 3340 quam
1222 3256 1326 3340 legem

191 3361 373 3420 statuerant
399 3357 458 3421 viri
484 3356 585 3437 docti,
618 3359 680 3422 arsi
711 3358 819 3442 aliqua
850 3359 976 3422 sublata
1007 3360 1328 3444 praecedentem

190 3459 296 3531 thesin
313 3459 381 3523 fieri
396 3459 565 3539 trisemam,
580 3482 650 3526 eam
668 3460 708 3524 ad
725 3460 877 3527 iambicos
894 3483 1150 3548 quoqueversus
1166 3464 1326 3548 pertinere

190 3563 329 3647 negavit.
379 3563 536 3629 Nimirum
567 3585 714 3629 versuum
747 3565 982 3631 trochaicorum
1015 3566 1160 3651 quidem,
1192 3587 1328 3652 quorum

189 3667 358 3751 rhythmus
382 3669 422 3733 sit
446 3668 650 3750 descendens,
674 3670 759 3733 arsin
782 3690 985 3755 suppressam
1000 3671 1045 3735 ait
1062 3670 1241 3735 (ioldmann
1257 3691 1326 3735 esse

191 3771 461 3854 compensandam
502 3771 713 3857 productione
761 3773 890 3840 theseos
931 3773 1168 3858 praecedentis,
1207 3775 1325 3859 quippe

191 3894 275 3958 quae
303 3876 344 3938 sit
376 3875 474 3940 thesis
506 3876 649 3941 eiusdem
671 3877 779 3960 pedis,
811 3878 864 3962 qui
893 3879 955 3943 arsi
978 3885 1093 3942 careat.
1138 3875 1228 3940 Idem
1250 3898 1325 3942 vero
1363 3869 1366 3877 ¹

190 3978 217 4040 si
229 3983 389 4042 statuatur
404 3978 444 4044 de
456 3980 599 4044 versibus
612 3981 762 4058 iambicis,
779 3982 936 4046 rationem
947 3979 1058 4045 haberi
1069 4001 1174 4066 neque
1186 3979 1325 4064 rhythmi

190 4081 424 4161 adscendentis,
448 4103 511 4168 quc
536 4084 568 4147 hi
583 4106 694 4150 versus
710 4084 849 4169 insigues
864 4085 936 4166 sint,
952 4106 1056 4170 neque
1072 4083 1172 4167 pedis,
1189 4085 1244 4169 qui
1263 4085 1326 4148 arsi

192 4241 392 4250 ----.--—-—.

295 4329 304 4362 ¹
323 4331 414 4393 Κλεηὶς
432 4327 549 4380 restituit
567 4328 675 4380 Ahrsns
694 4344 743 4394 pro
763 4327 836 4388 Κλεῖς
854 4325 933 4379 codd.

294 4414 305 4449 ²
327 4415 369 4466 De
387 4412 576 4466 dochmiorum
595 4410 645 4467 usu'
665 4415 826 4480 Sophocleo,
846 4414 924 4466 Halia
944 4411 1017 4472 1867,
1035 4427 1062 4477 p,
1080 4409 1191 4466 67-69.
