3038 5010
650 354 692 367 ..
738 321 777 382 45
827 355 865 364 -

192 501 229 592 ὅς
252 500 277 594 y‘
303 505 360 592 ἐμὲ
377 500 434 573 τὸν
449 501 594 595 τλήμονα
610 503 747 596 Λήναια
767 509 911 595 χορηγῶν
927 501 1061 574 άπέλυσ
1080 501 1245 577 άδειπνον.
1267 545 1328 585 1155

403 602 440 679 δν
463 604 506 677 ἴτ->
530 608 682 693 ἒπίδοιμι
704 609 860 692 τευθίδος

403 711 563 800 δεόμενον,
587 711 607 806 ἡ
633 711 663 782 δ’
690 711 864 804 ὠπτημένη

196 815 335 900 σίζουσα
359 814 516 904 πάραλος,
541 817 599 884 ε’πὶ
622 819 786 907 τραπέζης
808 820 946 909 κειμένη,

404 916 544 988 ὀκέλλοι·
569 913 654 1012 κᾷτα
676 922 754 1009 με’λ-

193 1029 308 1107 λοντος
330 1027 442 1112 λαβεῖν
466 1021 568 1094 αὐτοῦ
590 1022 675 1093 κάων
698 1023 880 1115 ἁρπάσασα
903 1024 1026 1117 φεύγοι.

192 1692 244 1757 Εα
273 1695 357 1775 cola,
390 1717 471 1778 quae
502 1696 706 1760 choriambus
737 1697 917 1776 continent,
947 1697 979 1760 in
1007 1696 1069 1760 hoc
1098 1719 1225 1783 quoque
1255 1722 1325 1764 car-

195 1797 282 1862 mine
317 1798 418 1862 divisa
451 1806 525 1863 sunt
555 1822 575 1863 a
605 1801 737 1875 ceteris;
770 1802 803 1863 iu
836 1801 970 1886 stropha
1005 1808 1135 1887 praeter
1168 1803 1326 1887 syllabam

194 1899 368 1985 ancipitem'
396 1903 429 1965 in
461 1904 525 1968 fine
557 1925 670 1968 versus
700 1905 789 1968 tertii
818 1905 917 1968 etiarn
946 1911 1101 1990 punctum
1132 1905 1326 1970 intercessit.

193 2002 245 2067 De
269 2004 405 2089 pedibus
435 2006 550 2070 solutis
579 2008 612 2070 in
635 2030 664 2073 v.
688 2012 718 2071 4.
743 2010 815 2070 5.6
844 2008 958 2071 eadem
990 2009 1100 2071 valent
1127 2030 1164 2071 ac
1195 2009 1235 2072 de
1259 2009 1326 2072 Eu-

194 2107 308 2192 ripidis
332 2111 475 2174 carmine
499 2109 595 2174 modo
618 2111 758 2175 laudato.

281 2280 452 2344 Difficilior
476 2282 560 2345 alter
582 2282 673 2345 locus
697 2288 748 2346 cst
772 2281 919 2346 ciusdem
942 2282 1172 2369 Aristophanis

477 2402 553 2468 nub.
579 2405 747 2465 roo-roa
766 2435 805 2456 =
823 2405 1006 2468 sor-aro:
1020 2405 1045 2487 1)

194 2505 269 2569 XO.
287 2498 436 2590 φρόντιζε
459 2500 498 2592 δὴ
522 2502 578 2569 καὶ
603 2502 746 2592 δίαθρει,
771 2502 880 2572 πάντα
903 2502 1027 2592 τρόπον
1045 2532 1080 2573 τε
1103 2507 1223 2574 σαυτὸν

401 2605 531 2695 στρόβει
555 2606 739 2689 πυκνώσας.
1278 2648 1321 2686 τοι

349 2707 449 2793 ταχὺς
471 2706 514 2793 δ’,
540 2708 617 2778 ὅταν
640 2709 687 2791 εἷς
710 2706 837 2800 δίπορον
861 2714 973 2804 πέσῃς,

400 2842 444 2883 επ
477 2820 556 2885 αλλο
579 2816 672 2910 πήδα

280 2919 385 3008 νόημα
401 2920 530 3010 φρενός·
546 2920 650 3003 ὕπνος
665 2918 696 2988 δ’
716 2919 850 2991 ἀπέστω
867 2921 1074 3013 γλυκύθυμος
1090 2918 1257 3009 ὀμμάτων.
1279 2958 1324 2997 ros

278 3314 849 3351 υ-ουο,..-ο,,-οο-,υ-ο,.

280 3381 429 3466 Augetur
446 3381 618 3445 difficultas
635 3403 684 3460 eo,
705 3381 791 3466 quod
806 3383 839 3445 in
853 3382 1067 3468 antistropha,
1082 3389 1213 3467 praeter
1229 3383 1323 3465 quin-

193 3507 257 3570 que
287 3507 401 3550 vcrsus
430 3486 479 3548 his
504 3507 585 3570 quos
609 3485 741 3550 laudavi
766 3485 1013 3571 respondentes,
1038 3486 1101 3549 duo
1124 3493 1249 3565 extant,
1273 3487 1326 3570 qui

191 3590 275 3652 nulli
299 3589 450 3674 strophae
475 3591 585 3653 versui
609 3589 823 3676 respondent3
852 3610 949 3673 quam
977 3588 1017 3651 ob
1042 3611 1110 3652 rem
1137 3588 1325 3652 Dindorfius

192 3699 283 3757 recte
320 3693 498 3757 coniecisse
526 3693 605 3756 mihi
633 3693 763 3756 videtur
796 3693 856 3755 hoc
888 3714 1017 3756 carmen
1045 3693 1077 3754 in
1106 3692 1248 3756 editione
1273 3715 1324 3755 sc-

191 3799 309 3881 cunda‚
333 3821 397 3884 qua
419 3821 503 3864 nunc
526 3801 658 3881 utimur,
680 3799 908 3885 imperfectum
931 3799 1032 3863 fuisse
1056 3821 1075 3861 a
1099 3804 1206 3883 poeta.

279 3903 405 3967 Versus
428 3905 500 3967 811.
525 3906 587 3967 812
610 3903 643 3966 hi
667 3909 754 3966 sunt:

298 4001 391 4091 γνοδς
414 3998 605 4091 ἀπολάψεις
627 4000 646 4070 ‹3'
668 4030 699 4069 τι
723 4006 878 4071 πλεῖστον
901 3999 1039 4069 δύνασαι

296 4107 436 4190 ταχέως·
460 4109 550 4196 φιλεῖ
573 4105 633 4195 γάρ
655 4134 729 4187 πως
750 4104 792 4173 τὰ
815 4101 945 4174 τοιαῦθ’
971 4105 1063 4194 ἑτέρα
1086 4105 1279 4192 τρέπεσθαι.

264 4283 284 4348 ¹)
305 4280 405 4342 Christ,
424 4281 548 4333 Metrik¹
568 4299 594 4349 p.
613 4282 672 4334 248.
691 4282 749 4333 562.
