3038 5010
797 411 885 495 [rec]

416 602 483 688 (tui)
508 603 618 668 σκότου
645 603 734 688 νέφος
756 602 831 685 abab
854 601 1036 687 οἷΙαὸτροπον
1059 606 1254 688 ἐπιπλόμενον

469 706 587 792 ἄφατον
610 705 786 789 ἀδάματόνλ
810 734 841 771 τε
864 710 914 772 καὶ
938 708 1126 791 δνςούριστον
1149 709 1193 776 ὄν.

315 822 378 877 ant.
418 811 482 895 (ici)
506 817 605 899 φίλος,
628 810 665 877 ori
688 813 745 893 μὲν
767 811 841 893 ἐμός
864 816 1004 891 ἕαίπολος
1027 814 1069 878 ἔτι
1092 814 1225 895 μόνιμος·

426 915 469 980 ἔτι
494 915 550 1000 γὰρ
574 915 730 997 ὑπομένεις
750 916 754 997 Ι
773 943 812 997 με
836 913 888 979 τον
911 915 1026 1002 τυφλὸν
1049 917 1196 1001 κηδεύων.

375 1021 466 1096 Quae
494 1021 673 1087 distributio
702 1023 769 1085 sine
799 1019 897 1087 dubio
929 1023 1018 1106 gravi
1049 1023 1303 1108 interpunctione
1335 1034 1411 1112 post

271 1125 462 1189 vocabulum
476 1123 603 1205 μόνιμος
615 1145 683 1210 qno
693 1125 892 1189 enuntiatum
904 1126 1012 1190 finitur
1022 1127 1239 1192 intercedente
1252 1151 1411 1196 commen·

271 1230 374 1294 datur.
419 1228 539 1294 Versus
564 1230 644 1294 alter
667 1234 792 1294 constat
813 1250 829 1292 e
853 1229 1010 1304 dochmio,
1041 1252 1134 1314 quom
1167 1233 1285 1316 excipit
1312 1241 1410 1300 tetra·

271 1334 366 1419 podia
389 1333 523 1397 iambica
545 1335 639 1397 tertio
664 1333 747 1417 pede
768 1340 951 1418 syncopato,
975 1354 1057 1417 quae
1076 1335 1254 1402 coniunctio
1273 1339 1409 1402 occurrit
1509 1339 1512 1345 ’

271 1459 298 1503 e.
322 1461 351 1520 g.
374 1437 490 1501 Aesch.
515 1435 657 1522 Choeph.
682 1440 744 1501 940
761 1456 767 1496 :
784 1440 846 1501 950
869 1436 956 1500 ἔλασε
979 1440 1007 1501 d’
1033 1440 1062 1514 ἐς
1086 1435 1121 1501 τὸ
1145 1441 1231 1521 noir}
1261 1439 1276 1503 ὁ
1303 1448 1406 1505 ποθο-

268 1540 406 1624 χρήοτας
436 1539 548 1626 φαγάς;
584 1549 649 1606 ant.
680 1539 936 1624 προςαγορεύομεν
964 1563 967 1598 ¹
994 1545 1096 1623 βροτοὶ
1127 1541 1274 1625 τυχόντες
1302 1551 1410 1623 καλῶς,

271 1645 347 1710 Eur.
378 1644 426 1710 ΕΙ.
459 1648 541 1713 1152
564 1669 571 1707 :
596 1648 678 1709 1162
714 1646 843 1726 πατρίδα
883 1645 1064 1727 δεκέτεσινΙ
1095 1654 1252 1726 σποραῖσιν
1286 1645 1410 1713 ἐλθόντ’

272 1747 362 1827 ἒμοὶντ
389 1755 452 1813 ant.
476 1747 569 1826 πόσις,
592 1748 609 1813 ii
633 1749 664 1812 τί
690 1775 764 1813 ποτε
786 1745 865 1831 toiri
887 1747 1030 1813 τάλαιναν
1052 1747 1140 1833 ἔσχεν
1163 1749 1261 1828 κακόν,
1284 1752 1410 1818 Phoen.

275 1854 477 1934 1287:1299‚
494 1854 562 1918 aliis
578 1853 667 1936 locis,
684 1853 738 1917 ubi
754 1853 898 1937 plerique
916 1855 975 1918 viri
991 1854 1076 1918 docti
1093 1875 1220 1918 versum
1240 1862 1412 1920 secernunt

271 1957 304 2019 in
328 1957 408 2021 duos
430 1956 594 2023 dochmios
611 1958 749 2022 iambum
766 1957 975 2024 includentes.
1020 1959 1169 2023 Fortasse
1194 1958 1339 2023 omnibus
1362 1961 1411 2024 his

270 2060 347 2124 locis
371 2062 474 2146 aptius
498 2063 674 2126 secernitur
698 2060 864 2126 dochmius
887 2083 906 2126 a
930 2061 1122 2147 tetrapodia.

375 2271 394 2331 8
420 2275 452 2333 et
475 2267 507 2349 9)
531 2266 607 2332 Eur.
632 2267 703 2353 Iph.
727 2268 822 2332 Taru.
846 2270 901 2332 87]
928 2273 959 2332 et
975 2269 1037 2332 872
1062 2289 1132 2331 cum
1155 2269 1254 2353 vulgo
1275 2269 1321 2333 ita
1344 2268 1408 2334 dis·
1436 2338 1440 2343 ,

273 2373 475 2457 tinguantur:

478 2474 557 2555 ααοοὶ
580 2480 605 2540 d’
630 2475 728 2557 ὀλίγον
751 2474 913 2560 ἀπέφυλγνς
936 2473 1067 2558 ὄλεθρον
1089 2474 1208 2540 α’νόσιον

480 2579 526 2662 (ἔξ
549 2582 628 2660 ἐμᾶν
646 2584 650 2660 Ι
672 2584 809 2663 (λαλχθοίς
829 2579 957 2664 χερῶν),

273 2692 396 2750 constet
417 2687 505 2750 locus
529 2707 546 2748 e
570 2686 701 2749 dimetro
727 2685 910 2749 dochmiaco
935 2691 967 2748 et
983 2706 1047 2748 uno
1065 2685 1181 2749 cretico
1199 2691 1231 2749 et
1250 2684 1407 2766 dochmio‚

272 2791 386 2875 quibus
410 2811 427 2854 e
451 2788 605 2854 dochmiis
630 2789 693 2853 duo
713 2792 844 2874 priores,
869 2790 924 2874 qui
938 2788 1082 2853 thesibus
1098 2790 1210 2853 solutis
1228 2788 1410 2870 decurrunt,

272 2915 401 2958 caesura
424 2901 496 2978 post
518 2896 652 2980 primam
675 2894 779 2957 thesin
803 2899 920 2958 carent.

377 2997 467 3062 idem
479 3003 587 3062 tamen
597 2998 686 3063 locus
699 3004 806 3082 potest
818 2998 913 3061 etiam
923 2998 966 3060 ite
978 2997 1138 3082 distingui,
1155 3003 1190 3061 ut
1202 3001 1336 3062 creticus
1345 3017 1410 3060 non

272 3103 438 3184 inseratur,
462 3101 519 3166 sed
541 3102 710 3187 praecedat
733 3102 841 3166 tribus
856 3101 1010 3165 dochmiis
1025 3102 1114 3188 isque
1131 3101 1274 3166 thesibus
1296 3100 1408 3165 solutis

272 3206 419 3290 insignis:
442 3203 524 3286 nupti
548 3204 704 3288 ci’o'h'yov.¹
745 3206 784 3270 in
806 3207 907 3290 primo
924 3206 1020 3269 trium
1036 3205 1254 3270 dochmiorum
1270 3225 1408 3289 sequen-

271 3309 351 3372 tium
374 3310 464 3373 deest
486 3308 614 3394 quidem
637 3331 786 3392 caesura3
816 3308 872 3374 sed
895 3309 958 3372 iam
982 3307 1069 3374 Weil
1099 3309 1205 3393 aptius
1235 3307 1334 3371 rerba
1363 3306 1408 3370 ito

273 3414 422 3478 collocari
446 3414 533 3495 vidit,
556 3422 592 3477 ut
615 3414 806 3478 adiectivum
829 3436 848 3478 a
872 3414 1069 3478 substantivo
1093 3413 1189 3478 verbo
1217 3411 1406 3496 interposito

273 3518 504 3602 seiungeretur.
540 3519 616 3604 Ipse
640 3520 684 3584 ita
707 3519 885 3605 transponit
902 3518 1001 3582 verba
1020 3515 1139 3582 ἀνόσιον
1154 3515 1307 3600 α’πέφογνς
1324 3514 1327 3595 i
1343 3510 1410 3578 ‹iir-
1497 3502 1503 3509 ’

376 3801 385 3834 ¹
405 3798 493 3851 Minus
510 3800 600 3866 placet
614 3796 740 3850 Schoenii
754 3803 780 3848 et
793 3794 927 3862 Koechlyi
941 3795 1050 3859 divisio,
1065 3793 1111 3860 qui
1126 3797 1241 3860 utroque
1254 3789 1314 3844 δείν’
1326 3791 1409 3853 ἔτλαν,

277 3887 350 3952 quod
370 3885 448 3936 codd.
467 3885 494 3935 in
515 3901 596 3938 versu
615 3887 797 3952 praecedente
816 3882 956 3946 exhibent,
975 3885 1082 3931 retento
1096 3879 1180 3930 verba
1193 3877 1260 3946 ναρᾰ
1279 3875 1303 3928 δ’
1324 3876 1410 3948 ὀλίγον

273 3988 332 4023 cum
353 3987 419 4023 voco
439 3977 561 4025 extremo
580 3971 681 4043 ξύγγονε
700 3972 726 4022 in
748 3984 839 4023 versus
859 3966 1010 4019 dochmiuci
1033 3965 1148 4017 formam
1168 3964 1346 4029 coniungunt,
1370 3963 1409 4014 sic

275 4058 437 4109 scribentes:
452 4069 455 4074 ’

532 4142 551 4194 ui
568 4144 643 4211 psir'a
661 4142 742 4201 δεινᾶς
757 4141 762 4202 Ι
777 4139 876 4208 τόλμας.
896 4136 956 4192 δείν’
977 4139 1056 4201 ἴτλαν,

531 4228 591 4283 δείν’
609 4231 691 4295 ἔτλαν,
711 4228 791 4296 οἴμοιΙ
809 4226 918 4297 ξύγγονε.
938 4222 1004 4294 rcapti
1022 4223 1141 4294 δ’ὄλίγον,

275 4373 320 4425 ubi
338 4370 452 4424 offendit
470 4372 579 4423 litterae
597 4392 608 4421 ε
626 4371 654 4421 in
674 4369 762 4420 altero
780 4369 855 4420 ἔτλαν
875 4365 1026 4432 productio.
