3038 5010
653 315 863 377 „38-

189 503 388 587 Itaque‘vix
420 510 574 588 expectes
606 503 827 567 choriambum
851 524 870 567 a
892 503 997 588 poetis
1024 502 1205 567 severiores
1231 502 1325 586 leges

189 605 401 689 sequentibus
436 606 467 668 in
496 606 534 669 iis
572 605 712 691 strophis
746 606 836 691 poni,
878 606 911 668 in
947 605 1063 691 quibus
1096 611 1189 669 tonas
1218 604 1322 668 artifi-

190 709 275 771 cium
299 707 476 772 admissum
500 715 558 773 est.
598 708 697 772 Haud
720 731 824 794 pauca
846 715 955 772 tamen
978 709 1130 794 exempla
1151 708 1323 772 inveniun-

190 818 256 886 tur;
291 813 335 875 ita
369 818 479 875 autem
509 812 700 897 plerumque
737 811 942 876 choriambus
969 833 1043 875 cum
1072 810 1213 875 diiambo
1246 816 1324 874 tone

190 923 364 1002 syncopato
389 916 605 1000 coniungitur,
628 923 664 980 ut
689 918 793 982 altera
814 917 944 982 lieentia
960 918 1068 1003 priori,
1093 919 1196 983 altera
1211 923 1323 1002 poete-

190 1021 264 1084 riori
288 1021 359 1084 colo
384 1021 589 1085 attribuatur.
634 1022 797 1107 Inspicias
822 1023 991 1107 exempla:

558 1186 776 1253 Auncaaouus
799 1188 836 1251 fr.
861 1189 938 1271 30¹)

347 1294 410 1365 Τὸν
432 1293 615 1382 μοροντοιόν
636 1293 758 1386 ἠρόμην
781 1294 937 1386 Στράτιον
959 1296 990 1365 εἰ
1011 1295 1158 1388 κομήσει.

190 1530 430 1616 Hephaestion,
459 1532 511 1595 cui
531 1530 760 1617 Westphalius
788 1538 820 1596 et
844 1532 1005 1597 Christius
1030 1533 1091 1597 hoc
1115 1533 1187 1596 loco
1210 1553 1324 1597 assen-

191 1636 324 1714 tiuntur,
347 1657 476 1699 versum
498 1637 531 1700 in
554 1642 815 1721 asynartetorum
840 1637 909 1701 sive
932 1638 965 1700 in
986 1657 1185 1701 conexorum
1200 1643 1323 1703 metro-

192 1762 261 1804 rum
284 1761 416 1804 numero
440 1741 486 1803 ita
515 1740 637 1825 posuit,
666 1745 703 1802 ut
724 1739 808 1804 haec
831 1740 933 1804 verba
963 1741 996 1803 in
1024 1741 1241 1827 explicatione
1264 1739 1323 1804 ad-

191 1844 295 1908 deret:
307 1842 334 1928 ²l
357 1838 539 1928 Ἀνακρέων
555 1841 591 1907 δὲ
606 1841 664 1908 οὐκ
680 1840 825 1929 ἰαμβικῷ
841 1838 923 1908 ἀλλὰ
938 1844 1143 1930 χοριαμβικῴ
1157 1839 1324 1929 carpimur

191 1941 275 2031 πρὸς
296 1941 355 2024 τὰς
379 1941 537 2031 lapsanas
552 1940 697 2034 ἐπήγαγε
716 1941 755 2011 τὸ
774 1941 1002 2034 ἱθοφαλλικόν.
1038 1947 1150 2011 Verba
1166 1940 1325 2031 Στράττιν

190 2047 220 2116 εἰ
247 2045 384 2139 κομήσει
418 2052 516 2136 igitur
545 2050 794 2135 ithyphallieum
828 2052 895 2114 sive
923 2051 1094 2136 tripodium
1125 2051 1325 2117 trochaicam

191 2156 349 2235 nominat,
378 2160 414 2217 ut
436 2160 523 2218 totus
546 2176 660 2218 versus
683 2156 881 2241 compositus
910 2157 952 2219 sit
976 2177 993 2220 e
1017 2156 1154 2220 dimetro
1183 2154 1323 2220 iambico

192 2258 415 2323 choriambum
448 2259 552 2344 primo
585 2259 655 2322 loco
687 2258 872 2323 continente
908 2265 941 2323 et
976 2259 1116 2344 tripodia
1149 2258 1324 2323 trochaica.

191 2361 347 2435 Quod'eo
370 2363 574 2448 potissimum
598 2363 764 2442 refellitur,
789 2361 874 2447 quod
897 2385 970 2427 raro
992 2364 1025 2426 in
1047 2363 1163 2428 eadem
1180 2363 1324 2449 stropha,
1398 2363 1404 2369 ’

190 2488 355 2551 nunquam
386 2471 495 2530 autem
531 2467 564 2529 in
599 2466 714 2530 eodem
746 2488 843 2530 versu
880 2466 1114 2531 descendentes
1147 2473 1180 2532 et
1208 2488 1324 2531 ascen-

191 2572 306 2636 dentes
338 2571 480 2656 rhythmi
504 2573 739 2636 consociantur.
784 2572 900 2657 Itaque
923 2595 1043 2637 nonam
1064 2573 1222 2658 syllabam
1245 2594 1325 2658 sup-

191 2697 338 2762 pressam
373 2697 444 2740 esse
483 2675 705 2761 decimamque
741 2677 930 2762 productam
969 2676 1010 2739 ad
1047 2678 1144 2740 trium
1176 2677 1325 2741 brevium

191 2784 390 2866 potestatem
413 2778 608 2844 credendum
633 2786 691 2843 est.
741 2779 894 2844 Ceterum
919 2779 1139 2862 choriambus,
1167 2786 1325 2867 utsupra

191 2884 310 2964 monui,
335 2883 455 2946 nonin
480 2882 595 2946 eodem
619 2883 689 2948 colo
714 2904 776 2968 quo
800 2889 876 2948 tone
899 2884 1030 2970 legitur.

278 3119 378 3181 Plura
401 3117 554 3202 exempla
578 3116 788 3203 suppeditant
809 3115 963 3180 Ausonum
987 3117 1131 3181 fabulae:

269 3256 436 3320 Incertum
459 3261 508 3319 est
531 3277 606 3319 num
629 3238 692 3320 huc
716 3255 880 3341 pertineat
901 3256 1010 3320 Prom.
1034 3258 1234 3340 sor-573³)

346 3381 429 3470 χρίει
451 3408 502 3462 τις
524 3374 566 3449 αὖ
586 3408 628 3467 με
648 3379 708 3448 τὰν
729 3379 886 3448 τάλαιναν
908 3375 1046 3470 οἶστρος,

346 3483 480 3553 εἴδωλον
494 3481 615 3574 ’Ἀργοο
638 3493 796 3575 γηγενοῦς,
821 3481 897 3553 daeo
920 3489 972 3568 aa,

346 3587 403 3657 τὸν
423 3587 596 3677 μυριωπὸν
621 3588 783 3675 εἰσορῶσα
805 3588 935 3677 βούταν.

350 3689 367 3762 ὃ
391 3693 427 3760 δὲ
448 3691 622 3782 πορεύεται
646 3691 756 3762 δόλιον
780 3689 859 3780 ὄμμ’
882 3692 971 3777 ἔχων,

348 3790 384 3866 ὃν
407 3797 483 3865 οὐδὲ
504 3795 713 3865 κατθανόντα
735 3803 814 3886 γαῖα
837 3795 958 3880 κεύθει,

350 3898 431 3969 ἄλλά
453 3927 494 3987 με
516 3898 576 3968 τὰν
597 3899 753 3969 τάλαιναν

267 4114 286 4178 ¹)
306 4110 461 4180 Westphal‚
479 4110 528 4162 ΙΙ2
546 4128 572 4179 p.
593 4110 650 4163 771.
686 4109 786 4174 Christ,
805 4108 930 4162 Metrik²
949 4127 975 4177 p.
993 4108 1052 4162 510.

265 4199 286 4265 ²)
305 4197 455 4266 Hephaest.
473 4215 501 4265 p.
520 4195 562 4248 55.

265 4287 286 4351 ³)
304 4284 434 4348 Conradt‚
451 4282 570 4350 lyrische
588 4283 672 4337 Versa
691 4302 717 4352 p.
736 4283 778 4336 48.
815 4282 914 4346 Christ,
933 4281 1058 4336 Metrik¹
1077 4301 1102 4351 p.
1121 4283 1180 4337 478.
