3038 5010
718 311 761 376 48

219 528 259 591 In
286 525 393 591 medio
416 544 515 592 versu
546 524 580 589 in
609 525 671 589 hac
694 544 814 590 scaena
845 542 973 605 semper
1001 529 1090 591 recte
1122 522 1364 591 deminutivum

130 633 283 699 iteratur:

219 741 303 806 Ran.
323 740 418 805 1209.
449 740 542 805 τουτὶ
565 738 598 804 τί
622 731 660 827 ἦν
683 736 720 803 τὸ
744 737 967 826 rapotonem·
990 735 1029 805 οὒ
1051 736 1246 817 κλαύσεται,1

219 848 303 913 nan.
323 847 418 928 1200,
447 847 541 929 1201,
568 847 664 928 1203,
691 847 786 927 1221,
814 846 942 931 12461).

223 991 273 1055 75.
321 990 461 1055 Metrum
497 989 636 1068 denique
670 996 801 1072 poetam
838 990 990 1072 adduxit,
1030 996 1066 1055 ut
1104 989 1365 1058 concinnitatem

130 1098 278 1164 laederet
301 1096 335 1161 in
358 1097 420 1162 hoc
443 1116 555 1163 versu:

221 1204 305 1271 Nub.
325 1204 420 1269 1131.
454 1200 601 1290 πέμπτη,
627 1202 780 1291 τετράς.
812 1203 917 1292 τρίτη,
948 1200 1032 1286 μετὰ
1060 1201 1183 1292 ταύτην
1211 1200 1364 1293 δευτέρα.

245 1420 273 1482 2.
312 1418 367 1483 De
390 1417 554 1484 vocibus
579 1438 599 1483 a
623 1418 796 1484 diversis
821 1418 1016 1501 stirpibus
1041 1418 1247 1486 derivatis,

226 1544 277 1607 76.
310 1543 404 1608 Aduo
428 1562 535 1623 pauca
559 1543 717 1624 exempla,
743 1543 800 1609 ubi
816 1543 1057 1626 Aristophanes
1079 1542 1242 1609 inusitata
1265 1561 1365 1609 voca-

134 1651 213 1715 bula
235 1649 333 1714 metri
357 1668 457 1714 causa
481 1650 666 1730 usurpavit:

223 1756 287 1822 Pro
319 1756 441 1821 usitato
466 1757 624 1822 vocabulo
661 1753 915 1844 ἀλλαντοπώλης
946 1757 1046 1840 (loqu.
1067 1758 1144 1840 143,
1176 1757 1254 1838 144,
1282 1756 1362 1837 148,

136 1865 209 1946 170,
236 1863 331 1948 241),
365 1865 448 1943 quod
480 1869 616 1944 propter
641 1865 795 1930 creticum
820 1866 1009 1930 hexametro
1033 1863 1275 1931 accommodari
1297 1882 1364 1929 non

134 1976 275 2053 poterat,
300 1971 401 2036 semel
426 1970 565 2035 alterum
589 1972 783 2037 vocabulum
808 1972 960 2053 legimus:
1046 2026 1049 2033 .

225 2078 308 2157 Equ
327 2078 401 2142 200.
434 2073 742 2164 κοιλιοπώλῃσιν
766 2077 802 2143 δὲ
828 2076 906 2153 θεὸς
929 2076 1011 2162 μέγα
1034 2079 1131 2153 κῦδος
1154 2074 1318 2164 ὀπάζειί).

225 2204 349 2268 Eadem
385 2204 424 2267 de
460 2222 559 2268 causa
593 2204 629 2267 in
663 2209 854 2269 tetrametro
888 2204 1100 2285 anapaestico
1131 2202 1273 2291 θηλείας
1303 2222 1363 2285 pro

135 2307 324 2398 θυγατέρας
347 2309 394 2395 (-.;
411 2344 435 2359 υ
452 2310 490 2385 ι)
514 2310 666 2392 legimus:

225 2418 323 2498 Vesp.
345 2418 419 2481 567.
463 2413 523 2492 τὰς
547 2417 715 2504 θηλείας
744 2418 797 2483 καί
829 2414 907 2494 τοὺς
936 2415 1030 2497 υἱεῖς,
1060 2420 1119 2505 τῆς
1148 2414 1269 2505 χειρός,
1302 2414 1364 2501 ε’γιὺ

521 2521 550 2588 δ’
573 2520 755 2611 οίκροιῦμαι.
885 2533 887 2537 ’

225 2650 264 2713 In
285 2648 348 2713 fine
369 2649 553 2715 tetrametri
574 2650 734 2715 trochaici
754 2656 852 2731 poeta
872 2670 931 2733 pro
954 2650 1079 2716 usitata
1094 2668 1173 2717 voce
1193 2646 1366 2733 ὀξύθυμος

138 2754 250 2839 (Vesp.
268 2756 347 2836 455,
376 2757 475 2837 1105,
504 2756 586 2836 Equ.
607 2756 688 2841 706)
721 2758 821 2822 semel
851 2757 990 2823 alterum
1014 2757 1207 2823 vocabulum
1238 2757 1363 2839 posuit:

226 2863 323 2943 Vesp.
341 2864 415 2928 430.
449 2855 501 2928 είοί
525 2889 592 2940 νυν,
617 2855 643 2926 ιδ
666 2865 889 2946 ξυνδικασταὶ,
915 2867 1037 2952 σφῆκες
1060 2860 1303 2952 ὀξυκάρδιοι.

229 2969 292 3053 (of.
318 2971 397 3034 th.
417 2972 481 3035 315
506 2971 583 3035 item
607 2971 642 3034 in
666 2971 730 3035 fine
755 2973 938 3037 tetrametri
962 2967 1218 3059 ταραξικάρδιον
1247 2970 1364 3053 Eurip.

227 3076 297 3156 lph.
315 3077 389 3142 Aul.
409 3077 494 3142 1565
519 3078 553 3141 in
576 3078 641 3142 fine
665 3079 810 3143 trimetri
833 3079 968 3144 iambici
998 3076 1203 3167 εὐκαρδίως.)

225 3218 257 3284 Ν
258 3238 465 3299 onnunquam
481 3220 619 3301 denique
635 3240 694 3303 pro
713 3221 869 3287 adverbio
887 3220 978 3304 ἐγγύς
994 3221 1090 3307 (Equ.
1101 3223 1175 3303 244,
1192 3222 1278 3287 Nub.
1289 3222 1364 3302 215,

138 3326 235 3406 Vesp.
253 3326 318 3391 660
350 3327 424 3411 etc.)
458 3327 548 3392 nullo
579 3328 833 3410 significationis
864 3329 1054 3395 discrimine
1085 3329 1174 3394 fact-o
1206 3328 1365 3395 adverbio

138 3428 222 3514 ὁμοῦ
245 3431 484 3514 Aristophanes
508 3453 585 3499 usus
610 3439 673 3500 cst:

227 3539 355 3604 Thesm.
366 3539 439 3604 572.
455 3536 680 3605 ἐσπουδακυῖα
692 3538 887 3629 προστρέχει
905 3542 1006 3628 ,πρὶν
1022 3533 1080 3607 οὖν
1096 3539 1193 3624 ὁμοῦ
1207 3538 1366 3626 γενέσθαι

227 3645 310 3725 Equ.
331 3647 404 3711 245.
436 3647 513 3712 Ραο.
531 3649 606 3729 513,
633 3647 673 3711 fr.
692 3649 765 3713 542.

140 3808 313 3816 ---.·....-——.-
319 3811 350 3816 ..-

230 3895 248 3962 1)
269 3897 336 3948 Cum
355 3896 513 3950 discesseris
537 3898 571 3949 ab
599 3896 649 3949 hac
680 3912 794 3967 scaena,
813 3904 894 3965 poeta
918 3903 1029 3951 tantum
1053 3899 1141 3952 forma
1162 3895 1281 3968 λήκυθος
1299 3912 1366 3953 neue

141 3988 195 4036 est:
217 3984 266 4037 Av.
283 3985 359 4052 1589,
379 3985 485 4040 Thesm.
502 3987 561 4054 139,
581 3986 652 4041 Eccl.
667 3987 728 4054 538,
743 3988 802 4054 744,
824 3990 901 4056 1101,
921 3988 953 4042 fr.
969 3989 1029 4057 207,
1043 3990 1103 4042 234.

230 4074 250 4141 ²)
270 4074 311 4126 of.
332 4075 430 4127 Kochii
451 4075 664 4130 adnotationem.

609 4375 664 4379 -,-.-
669 4364 858 4390 -qw—
872 4375 888 4380 -
897 4375 909 4379 -
