3038 5010
649 466 871 531 ..42-

259 639 408 707 Versum
442 639 632 707 mutilatum
662 640 686 707 8
713 639 813 708 Blass
845 640 1019 730 supplevit
1050 641 1249 728 plapohxbc,
1282 640 1344 707 sed

170 746 251 814 mihi
268 746 379 834 magis
397 747 508 835 placet
523 747 722 815 coniectura
737 746 869 815 Koertii
887 751 1059 836 ῥηθήσεται,
1084 747 1179 835 quod
1197 748 1344 815 verbum

171 853 296 942 optime
325 854 368 920 ad
403 854 602 942 praeeuntia
634 854 748 922 futura
772 858 893 944 ἐροῦμεν
917 867 951 922 et
974 858 1148 945 χρησόμεθα
1172 854 1346 944 quadrare

170 963 251 1030 mihi
275 962 421 1030 videtur.

258 1069 337 1137 Hoc
354 1092 495 1159 quoque
511 1070 544 1136 in
561 1071 711 1158 prologo
728 1070 861 1138 ludicra
878 1069 1108 1138 inveniuntur.
1155 1068 1238 1136 lnde
1253 1067 1343 1136 enim

171 1199 313 1245 aversu
334 1199 373 1265 13
390 1176 561 1264 usquead
578 1175 683 1244 finem
708 1177 845 1266 prologi
870 1200 922 1257 ea,
947 1199 1037 1265 quae
1062 1175 1242 1244 comoedia
1267 1197 1346 1243 con-

170 1284 320 1352 tinentur
341 1307 404 1374 per
428 1283 690 1352 acrostichidem
716 1306 755 1351 se
779 1296 997 1352 narraturum
1022 1306 1102 1351 esse
1126 1295 1230 1372 poeta
1253 1281 1343 1350 dicit.

170 1391 206 1458 ln
239 1391 468 1459 acrostichide
499 1391 629 1480 primae
663 1391 796 1458 litterae
827 1391 1044 1478 singulorum
1077 1411 1242 1459 versuum
1273 1388 1343 1458 vim

170 1498 298 1566 habent
315 1499 462 1586 aliquam
481 1521 653 1570 arcanam.
701 1500 820 1586 Atque
836 1499 868 1566 in
887 1511 1008 1567 nostro
1029 1497 1167 1586 quidem
1193 1498 1343 1587 prologo

169 1604 303 1673 litterae
315 1604 458 1673 initiales
475 1606 540 1670 κατ’
554 1607 730 1694 ἀλφάβητον
747 1605 935 1694 dispositae
952 1618 1064 1673 erant·
1101 1605 1231 1673 Lusum
1250 1625 1344 1672 acro·

169 1712 323 1782 stichidis
349 1723 471 1800 poetas
501 1712 760 1780 Alexandrinos
791 1725 909 1801 petere
939 1713 1096 1802 potuisse
1129 1735 1173 1780 ex
1203 1710 1344 1800 psalmis

169 1819 298 1888 veteris
315 1819 522 1900 testamenti,
548 1820 579 1885 in
600 1819 724 1906 quibus
742 1819 955 1907 singularum
973 1819 1194 1909 stropharum
1213 1818 1344 1907 primae

168 1927 300 1996 litterae
324 1926 388 1991 κατ’
406 1928 582 2015 ἀλφάβητον
606 1926 793 2015 dispositae
818 1940 906 2007 sunt,
933 1927 1063 1995 Brunet
1080 1928 1123 1994 de
1141 1925 1260 1994 Presle
1283 1926 1343 1998 l.c.

169 2058 201 2124 p.
214 2057 298 2124 1-5
314 2055 380 2103 suo
396 2034 471 2101 iure
488 2034 577 2103 dicit.
625 2035 840 2103 Acrostichis
857 2035 923 2102 iam
942 2035 1025 2103 satis
1042 2035 1190 2123 antiquis
1214 2045 1343 2124 tempo·

170 2141 265 2210 ribus
290 2140 402 2231 poetis
426 2143 503 2209 usui
526 2141 652 2222 fuerat;
678 2143 884 2231 exemplum,
911 2144 1004 2230 quod
1031 2141 1131 2210 nobis
1155 2141 1343 2210 vetustissi-

169 2271 264 2340 mum
294 2261 346 2317 est
370 2261 558 2330 servatum,
593 2260 704 2316 exstat
736 2249 768 2316 in
801 2249 1009 2317 carminibus
1034 2247 1220 2338 sibyllinis,
1253 2270 1343 2336 quae

169 2356 293 2422 tradita
316 2369 397 2423 sunt
422 2354 454 2421 in
478 2355 566 2423 libro
591 2354 793 2443 Phlegontis
818 2355 1019 2440 Trallensis,
1045 2378 1134 2445 quae
1159 2355 1255 2424 Diels
1282 2356 1343 2440 „si-

169 2462 373 2549 byllinische
397 2462 544 2529 Bl‘atter“
563 2462 689 2549 (Berlin
718 2464 819 2550 1890)
844 2463 983 2531 exeunti
1007 2464 1108 2531 tertio
1133 2475 1192 2531 aut
1214 2463 1344 2531 ineunti

167 2571 323 2638 secundo
341 2570 481 2637 saeculo
498 2569 659 2638 attribuit.
708 2569 843 2638 Deinde
867 2572 990 2639 eadem
1012 2572 1123 2638 forma
1147 2583 1200 2639 est
1223 2570 1341 2639 fictum

170 2697 308 2744 carmen
335 2676 510 2763 quoddam
534 2677 662 2744 saeculi
686 2678 831 2745 secundi
848 2702 877 2752 a.
890 2678 1026 2761 Chr.n.,
1051 2679 1145 2767 quod
1163 2677 1248 2746 tituli
1263 2678 1342 2746 loco

168 2784 416 2852 commentario
430 2783 577 2865 Eudoxi,
603 2784 661 2873 qui
685 2783 817 2867 dicitur,
842 2785 874 2852 in
897 2807 1034 2874 papyro
1048 2784 1231 2853 Parisiensi
1248 2806 1343 2873 prae·

168 2891 311 2958 missum
337 2891 505 2962 videmus.
553 2891 702 2958 Maxime
729 2904 842 2959 autem
868 2892 900 2959 in
926 2891 1233 2980 epigrammatibus
1257 2897 1343 2981 ἀκρο-

168 3002 264 3086 στιχὶς
288 2998 540 3086 posterioribus
560 2999 780 3091 temporibus
813 3012 1009 3087 usurpatur„
1058 2998 1212 3087 Exempli
1237 3019 1343 3065 causa

168 3105 308 3173 nomino
338 3105 552 3194 epigramma
577 3105 687 3173 Catilii
713 3106 890 3172 cuiusdam
916 3104 972 3172 filii
998 3105 1181 3173 Nicanoris
1206 3104 1342 3192 (Kaibel

168 3211 284 3300 Epigr.
310 3211 439 3280 Graec.
465 3235 508 3280 ex
532 3213 703 3301 lapidibus
728 3213 803 3280 coll.
826 3217 915 3302 979),
941 3214 1035 3302 quod
1060 3212 1177 3302 primis
1201 3212 1343 3301 syllabis

167 3319 382 3406 singulorum
421 3342 585 3388 versuum
624 3342 748 3387 nomen
791 3320 941 3388 auctoris
975 3319 1335 3386 KA-Tl-lll-Ol-

167 3427 780 3494 ΤΟΥ-ΚΑΙ-ΝΙ-ΚΑ-ΝΟ-ΡΟΣ
805 3427 955 3508 nuntiat;
989 3449 1092 3514 quem
1117 3428 1188 3494 lere
1213 3425 1342 3495 Christi

167 3532 382 3621 temporibus
415 3533 543 3601 vixisse
575 3534 752 3602 Letronne
784 3534 1014 3622 (inscriptions
1046 3535 1089 3601 de
1117 3519 1277 3623 l'Egypte
1302 3533 1341 3615 11,

167 3662 199 3728 p.
228 3643 302 3727 143)
337 3639 434 3721 dicit;
467 3641 507 3709 cl.
540 3640 790 3729 epigrammata
823 3641 980 3709 editionis
1012 3640 1235 3708 Kaibelianae
1267 3662 1340 3727 149,

167 3748 242 3828 226,
268 3747 342 3833 726.
390 3746 517 3815 Postea
546 3748 600 3815 illa
631 3748 742 3816 forma
772 3748 806 3816 in
838 3747 1053 3835 argumentis
1083 3746 1341 3815 comoediarum

167 3852 400 3920 Plautinarum
419 3867 471 3922 est
495 3855 654 3938 adhibita,
680 3855 712 3922 in
739 3855 864 3943 quibus
888 3855 1021 3923 litterae
1045 3854 1176 3944 primae
1192 3853 1342 3941 singulo·

167 3982 242 4027 rum
261 3982 424 4028 versuum
444 3984 570 4030 nomen
594 3962 730 4030 fabulae
754 3963 919 4034 nuntiant.
967 3961 1032 4029 Hic
1050 3961 1154 4050 igitur
1170 3961 1341 4050 prologus

167 4067 199 4134 in
231 4089 376 4135 numero
405 4069 720 4138 vetustissimorum
752 4072 990 4159 exemplorum
1023 4066 1260 4137 acrostichidis
1289 4078 1343 4136 est

167 4173 381 4243 referendus.

257 4283 388 4351 lusum
406 4283 497 4352 illum
518 4297 598 4353 tunc
623 4284 789 4374 temporis
813 4285 965 4352 nondum
992 4284 1211 4351 decantatum
1235 4280 1342 4350 fuisse
