<?xml version="1.0" encoding="UTF-8"?>
<!DOCTYPE html PUBLIC "-//W3C//DTD XHTML 1.0 Transitional//EN"
    "http://www.w3.org/TR/xhtml1/DTD/xhtml1-transitional.dtd">
<html xmlns="http://www.w3.org/1999/xhtml" xml:lang="en" lang="en">
 <head>
  <title>
</title>
<meta http-equiv="Content-Type" content="text/html;charset=utf-8" />
  <meta name='ocr-system' content='tesseract 3.04.00' />
  <meta name='ocr-capabilities' content='ocr_page ocr_carea ocr_par ocr_line ocrx_word'/>
</head>
<body>
  <div class='ocr_page' id='page_1' title='image "./deversumdochmia00pickgoog_0063.png"; bbox 0 0 3038 5010; ppageno 0'>
   <div class='ocr_carea' id='block_1_1' title="bbox 265 444 876 527">
    <p class='ocr_par' dir='ltr' id='par_1_1' title="bbox 265 444 876 527">
     <span class='ocr_line' id='line_1_1' title="bbox 265 444 876 527; baseline -0.013 -11"><span class='ocrx_word' id='word_1_1' title='bbox 265 455 307 518; x_wconf 84' lang='lat'>54</span> <span class='ocrx_word' id='word_1_2' title='bbox 789 444 876 527; x_wconf 76' lang='grc' dir='ltr'><em>[ιον]</em></span> 
     </span>
    </p>
   </div>
   <div class='ocr_carea' id='block_1_2' title="bbox 367 633 1324 824">
    <p class='ocr_par' dir='ltr' id='par_1_2' title="bbox 367 633 1324 824">
     <span class='ocr_line' id='line_1_2' title="bbox 368 633 1324 722; baseline -0.001 -18"><span class='ocrx_word' id='word_1_3' title='bbox 368 665 398 704; x_wconf 86' lang='lat' dir='ltr'>v.</span> <span class='ocrx_word' id='word_1_4' title='bbox 425 642 532 704; x_wconf 78' lang='lat' dir='ltr'>llbba</span> <span class='ocrx_word' id='word_1_5' title='bbox 555 635 621 719; x_wconf 81' lang='grc' dir='ltr'><em>(ιίδ)</em></span> <span class='ocrx_word' id='word_1_6' title='bbox 646 635 736 718; x_wconf 79' lang='grc' dir='ltr'><em>γάμοι</em></span> <span class='ocrx_word' id='word_1_7' title='bbox 761 633 851 717; x_wconf 72' lang='grc' dir='ltr'><em>γάμοι</em></span> <span class='ocrx_word' id='word_1_8' title='bbox 876 635 1011 717; x_wconf 71' lang='grc' dir='ltr'><em>Πάριδος</em></span> <span class='ocrx_word' id='word_1_9' title='bbox 1033 635 1182 718; x_wconf 69' lang='grc' dir='ltr'><em>(ὀλέθριοι</em></span> <span class='ocrx_word' id='word_1_10' title='bbox 1204 639 1324 722; x_wconf 79' lang='grc' dir='ltr'><em>φίλων).</em></span> 
     </span>
     <span class='ocr_line' id='line_1_3' title="bbox 367 738 1324 824; baseline -0.003 -14"><span class='ocrx_word' id='word_1_11' title='bbox 367 752 430 810; x_wconf 83' lang='lat' dir='ltr'>ant.</span> <span class='ocrx_word' id='word_1_12' title='bbox 456 747 536 808; x_wconf 81' lang='lat' dir='ltr'>llbl</span> <span class='ocrx_word' id='word_1_13' title='bbox 562 738 630 824; x_wconf 68' lang='lat' dir='ltr'>(tal)</span> <span class='ocrx_word' id='word_1_14' title='bbox 654 739 740 804; x_wconf 90' lang='grc' dir='ltr'><em>πόνοι</em></span> <span class='ocrx_word' id='word_1_15' title='bbox 763 739 846 804; x_wconf 87' lang='grc' dir='ltr'><em>πόνοι</em></span> <span class='ocrx_word' id='word_1_16' title='bbox 870 738 977 817; x_wconf 82' lang='grc' dir='ltr'><em>πόλεος</em></span> <span class='ocrx_word' id='word_1_17' title='bbox 1000 738 1160 824; x_wconf 78' lang='grc' dir='ltr'><em>(ὀλομένας</em></span> <span class='ocrx_word' id='word_1_18' title='bbox 1183 738 1219 805; x_wconf 81' lang='lat' dir='ltr'>td</span> <span class='ocrx_word' id='word_1_19' title='bbox 1241 745 1324 824; x_wconf 80' lang='grc' dir='ltr'><em>πᾶν).</em></span> 
     </span>
    </p>
   </div>
   <div class='ocr_carea' id='block_1_3' title="bbox 264 871 1401 1176">
    <p class='ocr_par' dir='ltr' id='par_1_3' title="bbox 264 871 1401 1176">
     <span class='ocr_line' id='line_1_4' title="bbox 265 871 1401 968; baseline -0.004 -29"><span class='ocrx_word' id='word_1_20' title='bbox 265 876 355 942; x_wconf 86' lang='lat' dir='ltr'>Idem</span> <span class='ocrx_word' id='word_1_21' title='bbox 379 876 463 941; x_wconf 87' lang='lat' dir='ltr'>eadit</span> <span class='ocrx_word' id='word_1_22' title='bbox 492 875 524 937; x_wconf 93' lang='lat' dir='ltr'>in</span> <span class='ocrx_word' id='word_1_23' title='bbox 554 875 664 968; x_wconf 83' lang='lat' dir='ltr'>¹versus</span> <span class='ocrx_word' id='word_1_24' title='bbox 695 878 769 948; x_wconf 80' lang='lat' dir='ltr'>tres,</span> <span class='ocrx_word' id='word_1_25' title='bbox 802 893 881 957; x_wconf 92' lang='lat' dir='ltr'>quos</span> <span class='ocrx_word' id='word_1_26' title='bbox 912 893 952 935; x_wconf 81' lang='lat' dir='ltr'>ex</span> <span class='ocrx_word' id='word_1_27' title='bbox 975 871 1051 936; x_wconf 81' lang='lat' dir='ltr'>Eur.</span> <span class='ocrx_word' id='word_1_28' title='bbox 1075 873 1128 937; x_wconf 90' lang='lat' dir='ltr'>Or.</span> <span class='ocrx_word' id='word_1_29' title='bbox 1152 874 1255 955; x_wconf 84' lang='lat' dir='ltr'>attuli,</span> <span class='ocrx_word' id='word_1_30' title='bbox 1284 875 1338 958; x_wconf 92' lang='lat' dir='ltr'>qui</span> <span class='ocrx_word' id='word_1_31' title='bbox 1368 875 1401 938; x_wconf 91' lang='lat' dir='ltr'>in</span> 
     </span>
     <span class='ocr_line' id='line_1_5' title="bbox 266 975 1400 1063; baseline -0.004 -16"><span class='ocrx_word' id='word_1_32' title='bbox 266 983 388 1047; x_wconf 85' lang='lat' dir='ltr'>oantieo</span> <span class='ocrx_word' id='word_1_33' title='bbox 412 982 572 1062; x_wconf 80' lang='lat' dir='ltr'>leguntur,</span> <span class='ocrx_word' id='word_1_34' title='bbox 602 978 690 1040; x_wconf 88' lang='lat' dir='ltr'>ouius</span> <span class='ocrx_word' id='word_1_35' title='bbox 717 976 841 1040; x_wconf 89' lang='lat' dir='ltr'>initium</span> <span class='ocrx_word' id='word_1_36' title='bbox 865 975 941 1040; x_wconf 84' lang='lat' dir='ltr'>fauit</span> <span class='ocrx_word' id='word_1_37' title='bbox 965 976 1102 1060; x_wconf 87' lang='lat' dir='ltr'>tripudia</span> <span class='ocrx_word' id='word_1_38' title='bbox 1132 977 1267 1041; x_wconf 80' lang='lat' dir='ltr'>iambica</span> <span class='ocrx_word' id='word_1_39' title='bbox 1296 978 1400 1063; x_wconf 90' lang='lat' dir='ltr'>primo</span> 
     </span>
     <span class='ocr_line' id='line_1_6' title="bbox 264 1078 874 1176; baseline -0.028 -24"><span class='ocrx_word' id='word_1_40' title='bbox 264 1087 346 1171; x_wconf 86' lang='lat' dir='ltr'>pade</span> <span class='ocrx_word' id='word_1_41' title='bbox 370 1089 545 1170; x_wconf 79' lang='lat' dir='ltr'>syncopato</span> <span class='ocrx_word' id='word_1_42' title='bbox 570 1078 633 1176; x_wconf 45' lang='lat' dir='ltr'>sl:</span> <span class='ocrx_word' id='word_1_43' title='bbox 654 1081 658 1162; x_wconf 73' lang='lat' dir='ltr'>l</span> <span class='ocrx_word' id='word_1_44' title='bbox 678 1119 696 1152; x_wconf 80' lang='lat' dir='ltr'>o</span> <span class='ocrx_word' id='word_1_45' title='bbox 714 1118 754 1126; x_wconf 89' lang='lat'>-</span> <span class='ocrx_word' id='word_1_46' title='bbox 775 1080 779 1161; x_wconf 70' lang='lat' dir='ltr'>l</span> <span class='ocrx_word' id='word_1_47' title='bbox 798 1121 816 1151; x_wconf 66' lang='grc' dir='ltr'>υ</span> <span class='ocrx_word' id='word_1_48' title='bbox 835 1115 874 1124; x_wconf 95' lang='grc'>-</span> 
     </span>
    </p>
   </div>
   <div class='ocr_carea' id='block_1_4' title="bbox 377 1215 1174 1407">
    <p class='ocr_par' dir='ltr' id='par_1_4' title="bbox 377 1215 1174 1407">
     <span class='ocr_line' id='line_1_7' title="bbox 410 1215 1153 1302; baseline -0.003 -18"><span class='ocrx_word' id='word_1_49' title='bbox 410 1244 439 1287; x_wconf 87' lang='lat' dir='ltr'>v.</span> <span class='ocrx_word' id='word_1_50' title='bbox 465 1225 527 1286; x_wconf 81' lang='grc'><strong>140</strong></span> <span class='ocrx_word' id='word_1_51' title='bbox 550 1227 619 1302; x_wconf 81' lang='grc' dir='ltr'><em>οἴγοι</em></span> <span class='ocrx_word' id='word_1_52' title='bbox 642 1226 721 1302; x_wconf 74' lang='grc' dir='ltr'><em>σῖγα,</em></span> <span class='ocrx_word' id='word_1_53' title='bbox 746 1215 871 1300; x_wconf 59' lang='lat' dir='ltr'>ramula</span> <span class='ocrx_word' id='word_1_54' title='bbox 893 1217 974 1302; x_wconf 83' lang='grc' dir='ltr'><em>ἴχνος</em></span> <span class='ocrx_word' id='word_1_55' title='bbox 997 1215 1153 1301; x_wconf 77' lang='grc' dir='ltr'><em>οἶρβδλης).</em></span> 
     </span>
     <span class='ocr_line' id='line_1_8' title="bbox 377 1316 1174 1407; baseline -0.009 -15"><span class='ocrx_word' id='word_1_56' title='bbox 377 1334 440 1392; x_wconf 84' lang='lat' dir='ltr'>ant.</span> <span class='ocrx_word' id='word_1_57' title='bbox 466 1330 526 1391; x_wconf 82' lang='lat'>153</span> <span class='ocrx_word' id='word_1_58' title='bbox 550 1332 614 1401; x_wconf 79' lang='grc' dir='ltr'>πῶς</span> <span class='ocrx_word' id='word_1_59' title='bbox 636 1322 712 1407; x_wconf 68' lang='grc' dir='ltr'><em>ἔχοις</em></span> <span class='ocrx_word' id='word_1_60' title='bbox 737 1320 826 1404; x_wconf 82' lang='grc' dir='ltr'><em>λόγου</em></span> <span class='ocrx_word' id='word_1_61' title='bbox 849 1319 1002 1403; x_wconf 78' lang='grc' dir='ltr'><em>(μετάδος,</em></span> <span class='ocrx_word' id='word_1_62' title='bbox 1027 1316 1050 1384; x_wconf 81' lang='grc' dir='ltr'><em>ιδ</em></span> <span class='ocrx_word' id='word_1_63' title='bbox 1075 1323 1174 1406; x_wconf 72' lang='grc' dir='ltr'><em>φίλοι).</em></span> 
     </span>
    </p>
   </div>
   <div class='ocr_carea' id='block_1_5' title="bbox 266 1470 1405 4256">
    <p class='ocr_par' dir='ltr' id='par_1_5' title="bbox 266 1470 1402 1766">
     <span class='ocr_line' id='line_1_9' title="bbox 368 1470 1402 1538; baseline 0.001 -2"><span class='ocrx_word' id='word_1_64' title='bbox 368 1472 463 1538; x_wconf 85' lang='lat' dir='ltr'>Hane</span> <span class='ocrx_word' id='word_1_65' title='bbox 483 1474 576 1536; x_wconf 89' lang='lat' dir='ltr'>unius</span> <span class='ocrx_word' id='word_1_66' title='bbox 592 1471 763 1536; x_wconf 80' lang='lat' dir='ltr'>alteriusve</span> <span class='ocrx_word' id='word_1_67' title='bbox 781 1492 820 1535; x_wconf 85' lang='lat' dir='ltr'>ex</span> <span class='ocrx_word' id='word_1_68' title='bbox 836 1471 896 1534; x_wconf 92' lang='lat' dir='ltr'>illis</span> <span class='ocrx_word' id='word_1_69' title='bbox 912 1470 1060 1535; x_wconf 85' lang='lat' dir='ltr'>undeoim</span> <span class='ocrx_word' id='word_1_70' title='bbox 1076 1470 1227 1536; x_wconf 88' lang='lat' dir='ltr'>doohmiis</span> <span class='ocrx_word' id='word_1_71' title='bbox 1245 1473 1402 1537; x_wconf 87' lang='lat' dir='ltr'>rationem</span> 
     </span>
     <span class='ocr_line' id='line_1_10' title="bbox 266 1575 1401 1663; baseline -0.002 -20"><span class='ocrx_word' id='word_1_72' title='bbox 266 1601 334 1644; x_wconf 90' lang='lat' dir='ltr'>esse</span> <span class='ocrx_word' id='word_1_73' title='bbox 351 1599 539 1663; x_wconf 88' lang='lat' dir='ltr'>persuasum</span> <span class='ocrx_word' id='word_1_74' title='bbox 560 1577 662 1640; x_wconf 91' lang='lat' dir='ltr'>habeo</span> <span class='ocrx_word' id='word_1_75' title='bbox 680 1595 717 1637; x_wconf 87' lang='lat' dir='ltr'>ao</span> <span class='ocrx_word' id='word_1_76' title='bbox 732 1595 910 1660; x_wconf 77' lang='lat' dir='ltr'>perpaucos</span> <span class='ocrx_word' id='word_1_77' title='bbox 927 1595 1103 1659; x_wconf 81' lang='lat' dir='ltr'>superesse,</span> <span class='ocrx_word' id='word_1_78' title='bbox 1119 1575 1150 1639; x_wconf 93' lang='lat' dir='ltr'>in</span> <span class='ocrx_word' id='word_1_79' title='bbox 1167 1575 1281 1660; x_wconf 90' lang='lat' dir='ltr'>quibus</span> <span class='ocrx_word' id='word_1_80' title='bbox 1297 1582 1401 1641; x_wconf 89' lang='lat' dir='ltr'>muta·</span> 
     </span>
     <span class='ocr_line' id='line_1_11' title="bbox 266 1679 784 1766; baseline -0.01 -19"><span class='ocrx_word' id='word_1_81' title='bbox 266 1684 352 1747; x_wconf 90' lang='lat' dir='ltr'>tione</span> <span class='ocrx_word' id='word_1_82' title='bbox 376 1682 517 1766; x_wconf 79' lang='lat' dir='ltr'>indigeat</span> <span class='ocrx_word' id='word_1_83' title='bbox 539 1680 633 1745; x_wconf 87' lang='lat' dir='ltr'>leotio</span> <span class='ocrx_word' id='word_1_84' title='bbox 657 1679 784 1743; x_wconf 90' lang='lat' dir='ltr'>tradita.</span> 
     </span>
    </p>

    <p class='ocr_par' dir='ltr' id='par_1_6' title="bbox 266 1783 1404 2283">
     <span class='ocr_line' id='line_1_12' title="bbox 368 1783 1400 1868; baseline -0.002 -18"><span class='ocrx_word' id='word_1_85' title='bbox 368 1787 530 1850; x_wconf 86' lang='lat' dir='ltr'>Probatur</span> <span class='ocrx_word' id='word_1_86' title='bbox 552 1785 649 1868; x_wconf 85' lang='lat' dir='ltr'>igitur</span> <span class='ocrx_word' id='word_1_87' title='bbox 672 1784 799 1847; x_wconf 90' lang='lat' dir='ltr'>omuino</span> <span class='ocrx_word' id='word_1_88' title='bbox 822 1783 900 1848; x_wconf 90' lang='lat' dir='ltr'>haeo</span> <span class='ocrx_word' id='word_1_89' title='bbox 923 1784 1042 1865; x_wconf 80' lang='lat' dir='ltr'>regula,</span> <span class='ocrx_word' id='word_1_90' title='bbox 1070 1785 1102 1847; x_wconf 93' lang='lat' dir='ltr'>in</span> <span class='ocrx_word' id='word_1_91' title='bbox 1134 1783 1277 1848; x_wconf 87' lang='lat' dir='ltr'>versibus</span> <span class='ocrx_word' id='word_1_92' title='bbox 1302 1784 1400 1850; x_wconf 85' lang='lat' dir='ltr'>doeh·</span> 
     </span>
     <span class='ocr_line' id='line_1_13' title="bbox 267 1887 1401 1973; baseline -0.002 -18"><span class='ocrx_word' id='word_1_93' title='bbox 267 1891 373 1955; x_wconf 90' lang='lat' dir='ltr'>miaois</span> <span class='ocrx_word' id='word_1_94' title='bbox 391 1890 532 1954; x_wconf 80' lang='lat' dir='ltr'>thesibus</span> <span class='ocrx_word' id='word_1_95' title='bbox 549 1889 660 1953; x_wconf 90' lang='lat' dir='ltr'>solutis</span> <span class='ocrx_word' id='word_1_96' title='bbox 673 1887 914 1952; x_wconf 71' lang='lat' dir='ltr'>decurrentibus</span> <span class='ocrx_word' id='word_1_97' title='bbox 926 1888 995 1952; x_wconf 88' lang='lat' dir='ltr'>fiori</span> <span class='ocrx_word' id='word_1_98' title='bbox 1008 1909 1170 1953; x_wconf 79' lang='lat' dir='ltr'>caesuram</span> <span class='ocrx_word' id='word_1_99' title='bbox 1187 1895 1259 1973; x_wconf 91' lang='lat' dir='ltr'>post</span> <span class='ocrx_word' id='word_1_100' title='bbox 1274 1890 1401 1954; x_wconf 85' lang='lat' dir='ltr'>tertiam</span> 
     </span>
     <span class='ocr_line' id='line_1_14' title="bbox 268 1991 1402 2080; baseline -0.003 -21"><span class='ocrx_word' id='word_1_101' title='bbox 268 1995 432 2080; x_wconf 87' lang='lat' dir='ltr'>syllabam.</span> <span class='ocrx_word' id='word_1_102' title='bbox 478 1992 597 2056; x_wconf 90' lang='lat' dir='ltr'>Omnes</span> <span class='ocrx_word' id='word_1_103' title='bbox 621 1992 832 2069; x_wconf 83' lang='lat' dir='ltr'>coniecturae,</span> <span class='ocrx_word' id='word_1_104' title='bbox 856 1992 970 2074; x_wconf 92' lang='lat' dir='ltr'>quibus</span> <span class='ocrx_word' id='word_1_105' title='bbox 987 1991 1124 2054; x_wconf 86' lang='lat' dir='ltr'>doohmii</span> <span class='ocrx_word' id='word_1_106' title='bbox 1147 1991 1206 2055; x_wconf 84' lang='lat' dir='ltr'>hae</span> <span class='ocrx_word' id='word_1_107' title='bbox 1232 1991 1335 2056; x_wconf 85' lang='lat' dir='ltr'>forma</span> <span class='ocrx_word' id='word_1_108' title='bbox 1357 1993 1402 2057; x_wconf 93' lang='lat' dir='ltr'>in·</span> 
     </span>
     <span class='ocr_line' id='line_1_15' title="bbox 268 2095 1404 2181; baseline 0.001 -20"><span class='ocrx_word' id='word_1_109' title='bbox 268 2099 374 2180; x_wconf 84' lang='lat' dir='ltr'>signes</span> <span class='ocrx_word' id='word_1_110' title='bbox 407 2096 586 2161; x_wconf 86' lang='lat' dir='ltr'>officiuntur</span> <span class='ocrx_word' id='word_1_111' title='bbox 618 2103 762 2160; x_wconf 81' lang='lat' dir='ltr'>carentes</span> <span class='ocrx_word' id='word_1_112' title='bbox 793 2095 847 2158; x_wconf 90' lang='lat' dir='ltr'>illa</span> <span class='ocrx_word' id='word_1_113' title='bbox 878 2116 1026 2177; x_wconf 82' lang='lat' dir='ltr'>caesura,</span> <span class='ocrx_word' id='word_1_114' title='bbox 1060 2096 1100 2159; x_wconf 90' lang='lat' dir='ltr'>ob</span> <span class='ocrx_word' id='word_1_115' title='bbox 1131 2095 1163 2157; x_wconf 92' lang='lat' dir='ltr'>id</span> <span class='ocrx_word' id='word_1_116' title='bbox 1193 2096 1297 2181; x_wconf 91' lang='lat' dir='ltr'>ipsum</span> <span class='ocrx_word' id='word_1_117' title='bbox 1329 2102 1404 2162; x_wconf 92' lang='lat' dir='ltr'>sunt</span> 
     </span>
     <span class='ocr_line' id='line_1_16' title="bbox 266 2199 1320 2283; baseline -0.004 -17"><span class='ocrx_word' id='word_1_118' title='bbox 266 2201 445 2268; x_wconf 80' lang='lat' dir='ltr'>reiciendas</span> <span class='ocrx_word' id='word_1_119' title='bbox 469 2201 559 2277; x_wconf 81' lang='lat' dir='ltr'>velut</span> <span class='ocrx_word' id='word_1_120' title='bbox 582 2199 697 2264; x_wconf 87' lang='lat' dir='ltr'>Aeseh.</span> <span class='ocrx_word' id='word_1_121' title='bbox 718 2199 780 2283; x_wconf 81' lang='lat' dir='ltr'>Ag.</span> <span class='ocrx_word' id='word_1_122' title='bbox 805 2201 898 2281; x_wconf 81' lang='grc'><strong>1410,</strong></span> <span class='ocrx_word' id='word_1_123' title='bbox 921 2200 976 2262; x_wconf 93' lang='lat' dir='ltr'>ubi</span> <span class='ocrx_word' id='word_1_124' title='bbox 999 2199 1059 2264; x_wconf 89' lang='lat' dir='ltr'>hoo</span> <span class='ocrx_word' id='word_1_125' title='bbox 1083 2208 1131 2264; x_wconf 91' lang='lat' dir='ltr'>est</span> <span class='ocrx_word' id='word_1_126' title='bbox 1154 2200 1320 2264; x_wconf 90' lang='lat' dir='ltr'>traditum:</span> 
     </span>
    </p>

    <p class='ocr_par' dir='ltr' id='par_1_7' title="bbox 269 2300 1405 2704">
     <span class='ocr_line' id='line_1_17' title="bbox 794 2300 1191 2386; baseline -0.003 -19"><span class='ocrx_word' id='word_1_127' title='bbox 794 2300 1191 2386; x_wconf 50' lang='lat' dir='ltr'>mfflmfflffg.</span> 
     </span>
     <span class='ocr_line' id='line_1_18' title="bbox 577 2405 1133 2488; baseline 0 -18"><span class='ocrx_word' id='word_1_128' title='bbox 577 2407 710 2485; x_wconf 71' lang='grc' dir='ltr'><em>ἀπέδικες</em></span> <span class='ocrx_word' id='word_1_129' title='bbox 733 2407 888 2488; x_wconf 79' lang='grc' dir='ltr'><em>οἷπέτιμες·</em></span> <span class='ocrx_word' id='word_1_130' title='bbox 911 2409 1013 2484; x_wconf 81' lang='grc' dir='ltr'><em>ἄπολις</em></span> <span class='ocrx_word' id='word_1_131' title='bbox 1036 2405 1133 2484; x_wconf 76' lang='grc' dir='ltr'><em>δ’ἔοει,</em></span> 
     </span>
     <span class='ocr_line' id='line_1_19' title="bbox 269 2509 1405 2595; baseline 0.003 -19"><span class='ocrx_word' id='word_1_132' title='bbox 269 2519 300 2576; x_wconf 87' lang='lat' dir='ltr'>et</span> <span class='ocrx_word' id='word_1_133' title='bbox 322 2513 471 2577; x_wconf 82' lang='lat' dir='ltr'>Weiliam</span> <span class='ocrx_word' id='word_1_134' title='bbox 496 2513 692 2577; x_wconf 79' lang='lat' dir='ltr'>coniectura:</span> <span class='ocrx_word' id='word_1_135' title='bbox 716 2509 907 2595; x_wconf 74' lang='grc' dir='ltr'><em>(δομὸθροός</em></span> <span class='ocrx_word' id='word_1_136' title='bbox 931 2510 1032 2594; x_wconf 78' lang='grc' dir='ltr'><em>γὀἶοοὶ)</em></span> <span class='ocrx_word' id='word_1_137' title='bbox 1052 2511 1199 2577; x_wconf 77' lang='grc' dir='ltr'><em>οόἷπὲδικέ</em></span> <span class='ocrx_word' id='word_1_138' title='bbox 1221 2511 1405 2595; x_wconf 78' lang='grc' dir='ltr'><em>σ’ἆπέτοιμιν</em></span> 
     </span>
     <span class='ocr_line' id='line_1_20' title="bbox 270 2615 1358 2704; baseline -0.001 -21"><span class='ocrx_word' id='word_1_139' title='bbox 270 2627 302 2683; x_wconf 90' lang='lat' dir='ltr'>et</span> <span class='ocrx_word' id='word_1_140' title='bbox 326 2618 411 2704; x_wconf 90' lang='lat' dir='ltr'>quod</span> <span class='ocrx_word' id='word_1_141' title='bbox 434 2617 574 2682; x_wconf 87' lang='lat' dir='ltr'>Dindorf</span> <span class='ocrx_word' id='word_1_142' title='bbox 593 2619 626 2680; x_wconf 93' lang='lat' dir='ltr'>in</span> <span class='ocrx_word' id='word_1_143' title='bbox 648 2615 789 2680; x_wconf 89' lang='lat' dir='ltr'>adnotat.</span> <span class='ocrx_word' id='word_1_144' title='bbox 813 2625 898 2700; x_wconf 90' lang='lat' dir='ltr'>poet.</span> <span class='ocrx_word' id='word_1_145' title='bbox 922 2637 1025 2681; x_wconf 88' lang='lat' dir='ltr'>soaen.</span> <span class='ocrx_word' id='word_1_146' title='bbox 1052 2616 1165 2681; x_wconf 77' lang='lat' dir='ltr'>Graes.</span> <span class='ocrx_word' id='word_1_147' title='bbox 1190 2619 1358 2702; x_wconf 90' lang='lat' dir='ltr'>proponit:</span> 
     </span>
    </p>

    <p class='ocr_par' dir='ltr' id='par_1_8' title="bbox 357 2717 1344 2804">
     <span class='ocr_line' id='line_1_21' title="bbox 357 2717 1344 2804; baseline -0.005 -20"><span class='ocrx_word' id='word_1_148' title='bbox 357 2717 552 2803; x_wconf 72' lang='grc' dir='ltr'><em>(θοιμὸθοοὸς</em></span> <span class='ocrx_word' id='word_1_149' title='bbox 574 2719 601 2784; x_wconf 84' lang='lat' dir='ltr'>o’</span> <span class='ocrx_word' id='word_1_150' title='bbox 625 2718 696 2802; x_wconf 76' lang='grc' dir='ltr'><em>οἷοοὲ)</em></span> <span class='ocrx_word' id='word_1_151' title='bbox 721 2719 857 2784; x_wconf 64' lang='lat' dir='ltr'>stultae</span> <span class='ocrx_word' id='word_1_152' title='bbox 880 2719 1033 2799; x_wconf 78' lang='grc' dir='ltr'><em>οἷπὲτομεν</em></span> <span class='ocrx_word' id='word_1_153' title='bbox 1055 2718 1212 2804; x_wconf 73' lang='grc' dir='ltr'><em>(ἀπόπολις</em></span> <span class='ocrx_word' id='word_1_154' title='bbox 1234 2718 1344 2803; x_wconf 81' lang='grc' dir='ltr'><em>δ’ἔοει).</em></span> 
     </span>
    </p>

    <p class='ocr_par' dir='ltr' id='par_1_9' title="bbox 268 2823 1404 4256">
     <span class='ocr_line' id='line_1_22' title="bbox 268 2823 1403 2890; baseline -0.002 0"><span class='ocrx_word' id='word_1_155' title='bbox 268 2826 417 2890; x_wconf 84' lang='lat' dir='ltr'>Fortasse</span> <span class='ocrx_word' id='word_1_156' title='bbox 440 2824 526 2888; x_wconf 86' lang='lat' dir='ltr'>facili</span> <span class='ocrx_word' id='word_1_157' title='bbox 549 2825 726 2888; x_wconf 87' lang='lat' dir='ltr'>mutatione</span> <span class='ocrx_word' id='word_1_158' title='bbox 748 2824 894 2889; x_wconf 85' lang='lat' dir='ltr'>lectionis</span> <span class='ocrx_word' id='word_1_159' title='bbox 918 2823 1096 2888; x_wconf 89' lang='lat' dir='ltr'>Weilianae</span> <span class='ocrx_word' id='word_1_160' title='bbox 1119 2823 1319 2889; x_wconf 85' lang='lat' dir='ltr'>scribendum</span> <span class='ocrx_word' id='word_1_161' title='bbox 1340 2832 1403 2890; x_wconf 88' lang='lat' dir='ltr'>est:</span> 
     </span>
     <span class='ocr_line' id='line_1_23' title="bbox 484 2925 1182 3008; baseline -0.001 -17"><span class='ocrx_word' id='word_1_162' title='bbox 484 2926 511 2991; x_wconf 83' lang='lat' dir='ltr'>o’</span> <span class='ocrx_word' id='word_1_163' title='bbox 534 2925 673 2991; x_wconf 79' lang='grc' dir='ltr'><em>ἀπέδικὲν</em></span> <span class='ocrx_word' id='word_1_164' title='bbox 693 2928 720 2991; x_wconf 83' lang='lat' dir='ltr'>o&#39;</span> <span class='ocrx_word' id='word_1_165' title='bbox 743 2926 874 3007; x_wconf 68' lang='lat' dir='ltr'>oias&#39;rapr’</span> <span class='ocrx_word' id='word_1_166' title='bbox 894 2927 898 3008; x_wconf 77' lang='lat' dir='ltr'>l</span> <span class='ocrx_word' id='word_1_167' title='bbox 919 2925 1062 3004; x_wconf 71' lang='lat' dir='ltr'>a&#39;ndaolrr</span> <span class='ocrx_word' id='word_1_168' title='bbox 1085 2926 1182 2991; x_wconf 80' lang='grc' dir='ltr'><em>δ’ἔσει.</em></span> 
     </span>
     <span class='ocr_line' id='line_1_24' title="bbox 270 3030 1085 3118; baseline -0.002 -22"><span class='ocrx_word' id='word_1_169' title='bbox 270 3033 351 3098; x_wconf 90' lang='lat' dir='ltr'>Item</span> <span class='ocrx_word' id='word_1_170' title='bbox 374 3030 470 3118; x_wconf 82' lang='lat' dir='ltr'>Soph.</span> <span class='ocrx_word' id='word_1_171' title='bbox 495 3031 574 3096; x_wconf 92' lang='lat' dir='ltr'>Oed.</span> <span class='ocrx_word' id='word_1_172' title='bbox 597 3031 636 3096; x_wconf 89' lang='lat' dir='ltr'>R.</span> <span class='ocrx_word' id='word_1_173' title='bbox 656 3033 747 3113; x_wconf 83' lang='lat'>1350,</span> <span class='ocrx_word' id='word_1_174' title='bbox 770 3031 825 3096; x_wconf 89' lang='lat' dir='ltr'>ubi</span> <span class='ocrx_word' id='word_1_175' title='bbox 848 3031 1000 3096; x_wconf 88' lang='lat' dir='ltr'>traditum</span> <span class='ocrx_word' id='word_1_176' title='bbox 1023 3038 1085 3096; x_wconf 92' lang='lat' dir='ltr'>est:</span> 
     </span>
     <span class='ocr_line' id='line_1_25' title="bbox 269 3130 1404 3220; baseline 0 -19"><span class='ocrx_word' id='word_1_177' title='bbox 269 3135 392 3220; x_wconf 76' lang='grc' dir='ltr'><em>(ὄλοιθ’,</em></span> <span class='ocrx_word' id='word_1_178' title='bbox 415 3133 492 3212; x_wconf 82' lang='grc' dir='ltr'><em>ὅςτις</em></span> <span class='ocrx_word' id='word_1_179' title='bbox 516 3130 562 3218; x_wconf 69' lang='grc' dir='ltr'>ἦν,</span> <span class='ocrx_word' id='word_1_180' title='bbox 586 3132 618 3212; x_wconf 83' lang='grc' dir='ltr'>ὃς</span> <span class='ocrx_word' id='word_1_181' title='bbox 640 3133 745 3217; x_wconf 77' lang='grc' dir='ltr'><em>ἀγρίας</em></span> <span class='ocrx_word' id='word_1_182' title='bbox 767 3135 873 3218; x_wconf 75' lang='grc' dir='ltr'><em>πέδας)</em></span> <span class='ocrx_word' id='word_1_183' title='bbox 898 3136 1025 3216; x_wconf 69' lang='grc' dir='ltr'><em>νοιιοὶδος</em></span> <span class='ocrx_word' id='word_1_184' title='bbox 1055 3137 1210 3213; x_wconf 80' lang='grc' dir='ltr'><em>ἐπιποδίος</em></span> <span class='ocrx_word' id='word_1_185' title='bbox 1239 3133 1344 3220; x_wconf 74' lang='grc' dir='ltr'><em>(ἔλαβὲ</em></span> <span class='ocrx_word' id='word_1_186' title='bbox 1370 3139 1404 3217; x_wconf 85' lang='grc' dir='ltr'>μ’</span> 
     </span>
     <span class='ocr_line' id='line_1_26' title="bbox 709 3238 967 3324; baseline -0.008 -18"><span class='ocrx_word' id='word_1_187' title='bbox 709 3238 768 3306; x_wconf 73' lang='lat' dir='ltr'>sind</span> <span class='ocrx_word' id='word_1_188' title='bbox 790 3266 824 3304; x_wconf 85' lang='grc' dir='ltr'>τε</span> <span class='ocrx_word' id='word_1_189' title='bbox 847 3239 967 3324; x_wconf 82' lang='grc' dir='ltr'><em>φόνον),</em></span> 
     </span>
     <span class='ocr_line' id='line_1_27' title="bbox 269 3344 1348 3430; baseline -0.002 -21"><span class='ocrx_word' id='word_1_190' title='bbox 269 3346 428 3411; x_wconf 89' lang='lat' dir='ltr'>irrita&#39;est</span> <span class='ocrx_word' id='word_1_191' title='bbox 451 3351 482 3409; x_wconf 91' lang='lat' dir='ltr'>et</span> <span class='ocrx_word' id='word_1_192' title='bbox 505 3344 699 3409; x_wconf 84' lang='lat' dir='ltr'>Elmsloiana</span> <span class='ocrx_word' id='word_1_193' title='bbox 721 3345 915 3427; x_wconf 84' lang='lat' dir='ltr'>coniectura,</span> <span class='ocrx_word' id='word_1_194' title='bbox 939 3365 1033 3430; x_wconf 91' lang='lat' dir='ltr'>quam</span> <span class='ocrx_word' id='word_1_195' title='bbox 1057 3345 1196 3409; x_wconf 88' lang='lat' dir='ltr'>Dindorf</span> <span class='ocrx_word' id='word_1_196' title='bbox 1215 3345 1348 3428; x_wconf 81' lang='lat' dir='ltr'>recepit:</span> 
     </span>
     <span class='ocr_line' id='line_1_28' title="bbox 684 3448 965 3529; baseline 0 -18"><span class='ocrx_word' id='word_1_197' title='bbox 684 3448 788 3529; x_wconf 79' lang='grc' dir='ltr'><em>νομάδ</em></span> <span class='ocrx_word' id='word_1_198' title='bbox 811 3451 965 3525; x_wconf 78' lang='grc' dir='ltr'><em>ἐπιποδιίις</em></span> 
     </span>
     <span class='ocr_line' id='line_1_29' title="bbox 271 3551 1259 3638; baseline -0.003 -21"><span class='ocrx_word' id='word_1_199' title='bbox 271 3559 303 3617; x_wconf 90' lang='lat' dir='ltr'>et</span> <span class='ocrx_word' id='word_1_200' title='bbox 325 3553 494 3635; x_wconf 86' lang='lat' dir='ltr'>Bothiana‚</span> <span class='ocrx_word' id='word_1_201' title='bbox 519 3574 601 3632; x_wconf 81' lang='lat' dir='ltr'>quae</span> <span class='ocrx_word' id='word_1_202' title='bbox 624 3553 765 3637; x_wconf 81' lang='lat' dir='ltr'>Bergkio</span> <span class='ocrx_word' id='word_1_203' title='bbox 790 3559 822 3617; x_wconf 92' lang='lat' dir='ltr'>et</span> <span class='ocrx_word' id='word_1_204' title='bbox 844 3551 1014 3635; x_wconf 86' lang='lat' dir='ltr'>Hartuugo</span> <span class='ocrx_word' id='word_1_205' title='bbox 1040 3558 1086 3617; x_wconf 90' lang='lat' dir='ltr'>est</span> <span class='ocrx_word' id='word_1_206' title='bbox 1109 3554 1259 3638; x_wconf 89' lang='lat' dir='ltr'>probata:</span> 
     </span>
     <span class='ocr_line' id='line_1_30' title="bbox 689 3653 1346 3736; baseline 0 -18"><span class='ocrx_word' id='word_1_207' title='bbox 689 3653 782 3735; x_wconf 80' lang='grc' dir='ltr'><em>νομοὶς</em></span> <span class='ocrx_word' id='word_1_208' title='bbox 804 3657 964 3732; x_wconf 80' lang='grc' dir='ltr'><em>ἐπιποδίος.</em></span> <span class='ocrx_word' id='word_1_209' title='bbox 1344 3730 1346 3736; x_wconf 9' lang='grc' dir='ltr'>ᾗ</span> 
     </span>
     <span class='ocr_line' id='line_1_31' title="bbox 314 3756 1344 3844; baseline -0.003 -20"><span class='ocrx_word' id='word_1_210' title='bbox 314 3761 394 3824; x_wconf 87' lang='lat' dir='ltr'>Item</span> <span class='ocrx_word' id='word_1_211' title='bbox 418 3762 473 3824; x_wconf 90' lang='lat' dir='ltr'>Ar.</span> <span class='ocrx_word' id='word_1_212' title='bbox 497 3781 545 3825; x_wconf 83' lang='lat' dir='ltr'>av.</span> <span class='ocrx_word' id='word_1_213' title='bbox 572 3763 653 3826; x_wconf 83' lang='lat'>1265</span> <span class='ocrx_word' id='word_1_214' title='bbox 678 3760 770 3844; x_wconf 73' lang='grc' dir='ltr'><em>(μηδέ</em></span> <span class='ocrx_word' id='word_1_215' title='bbox 793 3761 847 3823; x_wconf 87' lang='grc' dir='ltr'><em>τιν’</em></span> <span class='ocrx_word' id='word_1_216' title='bbox 871 3759 1046 3842; x_wconf 71' lang='grc' dir='ltr'><em>ἱερόθυτον)</em></span> <span class='ocrx_word' id='word_1_217' title='bbox 1069 3756 1126 3822; x_wconf 80' lang='grc' dir='ltr'><em>οἶνδι</em></span> <span class='ocrx_word' id='word_1_218' title='bbox 1150 3757 1279 3823; x_wconf 78' lang='grc' dir='ltr'><em>δάπεδον</em></span> <span class='ocrx_word' id='word_1_219' title='bbox 1300 3756 1344 3822; x_wconf 82' lang='grc' dir='ltr'>ἔτι</span> 
     </span>
     <span class='ocr_line' id='line_1_32' title="bbox 270 3861 1402 3930; baseline -0.004 -1"><span class='ocrx_word' id='word_1_220' title='bbox 270 3888 334 3929; x_wconf 91' lang='lat' dir='ltr'>non</span> <span class='ocrx_word' id='word_1_221' title='bbox 358 3885 429 3929; x_wconf 89' lang='lat' dir='ltr'>oum</span> <span class='ocrx_word' id='word_1_222' title='bbox 452 3865 613 3930; x_wconf 88' lang='lat' dir='ltr'>Meiuekio</span> <span class='ocrx_word' id='word_1_223' title='bbox 638 3862 674 3929; x_wconf 83' lang='grc' dir='ltr'><em>δν</em></span> <span class='ocrx_word' id='word_1_224' title='bbox 697 3870 770 3929; x_wconf 89' lang='lat' dir='ltr'>ante</span> <span class='ocrx_word' id='word_1_225' title='bbox 793 3863 836 3928; x_wconf 80' lang='grc' dir='ltr'>ἔτι</span> <span class='ocrx_word' id='word_1_226' title='bbox 859 3864 1062 3928; x_wconf 87' lang='lat' dir='ltr'>inserendum</span> <span class='ocrx_word' id='word_1_227' title='bbox 1085 3869 1133 3928; x_wconf 93' lang='lat' dir='ltr'>est</span> <span class='ocrx_word' id='word_1_228' title='bbox 1155 3862 1195 3927; x_wconf 89' lang='lat' dir='ltr'>ad</span> <span class='ocrx_word' id='word_1_229' title='bbox 1220 3861 1402 3926; x_wconf 89' lang='lat' dir='ltr'>doehmium</span> 
     </span>
     <span class='ocr_line' id='line_1_33' title="bbox 270 3965 1402 4055; baseline -0.004 -21"><span class='ocrx_word' id='word_1_230' title='bbox 270 3968 471 4055; x_wconf 80' lang='lat' dir='ltr'>explendum,</span> <span class='ocrx_word' id='word_1_231' title='bbox 494 3970 550 4033; x_wconf 89' lang='lat' dir='ltr'>sed</span> <span class='ocrx_word' id='word_1_232' title='bbox 574 3970 711 4034; x_wconf 88' lang='lat' dir='ltr'>fortasse</span> <span class='ocrx_word' id='word_1_233' title='bbox 735 3991 807 4034; x_wconf 87' lang='lat' dir='ltr'>eum</span> <span class='ocrx_word' id='word_1_234' title='bbox 831 3967 968 4032; x_wconf 78' lang='lat' dir='ltr'>Christio</span> <span class='ocrx_word' id='word_1_235' title='bbox 994 3968 1100 4050; x_wconf 80' lang='lat' dir='ltr'>(Matr.</span> <span class='ocrx_word' id='word_1_236' title='bbox 1125 3969 1153 4030; x_wconf 84' lang='lat'>2.</span> <span class='ocrx_word' id='word_1_237' title='bbox 1176 3988 1207 4051; x_wconf 92' lang='lat' dir='ltr'>p.</span> <span class='ocrx_word' id='word_1_238' title='bbox 1231 3967 1307 4047; x_wconf 76' lang='lat'><strong>439)</strong></span> <span class='ocrx_word' id='word_1_239' title='bbox 1329 3965 1402 4030; x_wconf 89' lang='lat' dir='ltr'>sori·</span> 
     </span>
     <span class='ocr_line' id='line_1_34' title="bbox 270 4074 409 4141; baseline -0.007 0"><span class='ocrx_word' id='word_1_240' title='bbox 270 4074 409 4141; x_wconf 89' lang='lat' dir='ltr'>bendum</span> 
     </span>
     <span class='ocr_line' id='line_1_35' title="bbox 652 4174 1021 4256; baseline -0.008 -15"><span class='ocrx_word' id='word_1_241' title='bbox 652 4175 712 4241; x_wconf 74' lang='grc' dir='ltr'>ἆνοῖ</span> <span class='ocrx_word' id='word_1_242' title='bbox 735 4174 790 4256; x_wconf 79' lang='grc' dir='ltr'><strong><em>[τὸ]</em></strong></span> <span class='ocrx_word' id='word_1_243' title='bbox 814 4180 947 4241; x_wconf 77' lang='grc' dir='ltr'><em>δάπεδον</em></span> <span class='ocrx_word' id='word_1_244' title='bbox 970 4174 1021 4239; x_wconf 81' lang='grc' dir='ltr'><em>ἔτι.</em></span> 
     </span>
    </p>
   </div>
   <div class='ocr_carea' id='block_1_6' title="bbox 0 0 1532 5010">
    <p class='ocr_par' dir='ltr' id='par_1_10' title="bbox 0 0 1532 5010">
     <span class='ocr_line' id='line_1_36' title="bbox 0 0 1532 5010; baseline 0 0"><span class='ocrx_word' id='word_1_245' title='bbox 0 0 1532 5010; x_wconf 95' lang='lat' dir='ltr'> </span> 
     </span>
    </p>
   </div>
  </div>
 </body>
</html>
