3038 5010
193 435 234 496 ao
285 397 287 401 ’
716 429 804 525 [rsa]

296 622 328 706 c)
352 623 497 688 Dimeter
511 628 660 687 constans
678 643 717 685 ex
729 622 861 688 bacchio
875 629 906 686 et
919 623 1055 690 diiambo
1069 647 1149 709 puro
1166 624 1207 711 (υ
1219 664 1256 674 -
1269 630 1325 713 *l

191 769 209 799 o
227 765 266 774 -
287 764 304 797 o
323 728 386 809 -)‚
410 728 497 791 velut

191 831 306 896 Aeseh.
323 831 410 914 Sept.
425 834 484 895 767
498 852 505 891 :
521 833 581 894 774
596 836 718 910 βαρεῖαι
727 831 920 912 καταλλαγαί.
943 838 1007 895 ant.
1025 834 1094 895 θεοὶ
1110 834 1158 896 καὶ
1170 831 1326 907 ξυνέστιοι.

193 936 247 1000 cfr.
270 935 419 1019 Westph.
442 936 463 1000 l.
482 935 502 998 l.
527 958 557 1018 p.
582 936 653 997 223.

296 1039 329 1120 d)
365 1040 509 1103 Dimeter
544 1044 689 1100 constans
725 1060 766 1101 ex
801 1039 926 1102 duobus
961 1039 1114 1105 bacchiis:
1149 1041 1181 1122 (c
1199 1081 1239 1090 —
1260 1042 1323 1125 ιγ

193 1181 210 1213 o
229 1180 268 1189 —
291 1142 354 1224 bl,
378 1144 467 1207 velut

192 1246 308 1313 Aesch.
333 1246 477 1332 Chocph.
501 1248 564 1309 390
581 1268 588 1308 :
603 1247 665 1309 415
689 1252 828 1322 ποτᾶται,
852 1244 1009 1329 πάροιθεν.

175 1369 177 1373 ”
584 1356 647 1412 ant.
671 1345 744 1411 ὅταν
767 1344 861 1412 d'urlt’
884 1348 1018 1426 ἕπαλκὲς.

192 1457 249 1522 cfr.
272 1455 444 1539 Westphal
466 1454 486 1516 l.
509 1453 529 1515 l.
553 1474 584 1536 p.
609 1454 680 1516 223.

294 1560 325 1636 ο)
349 1559 494 1639 Dimeter
524 1562 674 1621 constans
703 1578 743 1621 ex
773 1556 904 1621 bacchio
934 1566 967 1623 et
997 1559 1113 1623 cretico
1144 1557 1177 1640 (υ
1197 1597 1234 1604 -
1257 1588 1296 1610 2-
1323 1560 1326 1646 l

194 1690 233 1714 ι-
252 1699 269 1732 o
287 1663 351 1744 -)‚
374 1662 464 1727 velut

192 1767 307 1831 Aesch.
331 1766 390 1850 Ag.
414 1770 499 1833 375:
517 1769 578 1830 393

418 1869 602 1953 α’τολμῆτοιν
617 1867 708 1953 Ἄρη.
743 1875 807 1934 ant.
831 1874 1014 1947 δικαιωθείς,
1037 1873 1111 1936 ἕποι’.

192 1975 349 2059 Exempla
371 1974 442 2038 vide
467 1973 552 2058 apud
574 1973 723 2057 Westph.
746 1975 767 2038 l.
790 1975 811 2036 l.
835 1994 865 2057 p.
889 1976 960 2037 220.

296 2077 325 2159 f)
349 2078 494 2141 Dimeter
513 2085 662 2141 constans
680 2099 720 2140 cx
737 2079 852 2142 cretico
870 2085 902 2141 et
919 2077 1057 2141 diiambo
1074 2099 1154 2162 puro
1172 2077 1304 2159 (ι-.,-

191 2180 502 2265 o-o-hmffl

191 2284 305 2348 Aeseh.
329 2285 417 2367 Sept.
441 2285 604 2347 8961907
629 2282 764 2364 σώμασιν
787 2282 1025 2367 πεπλαγμένους.

541 2395 605 2451 ant.
628 2386 776 2469 κτήμαθ’,
801 2385 873 2450 ὥστ’
896 2386 963 2451 ἴσον
986 2394 1095 2472 λαχεῖν.

317 2490 459 2574 Choeph.
484 2493 520 2554 31
539 2494 600 2554 :41
626 2493 794 2575 ξυμφοραῖς
817 2492 1046 2573 πεπληγμένων.

249 2669 252 2676 Ι
540 2601 605 2657 ant.
629 2601 689 2670 τοῖς
712 2594 855 2659 κτανοῦσί
876 2597 1048 2677 τ’ἑγκοτεῖν.

234 2699 310 2763 Eur.
334 2698 402 2762 Alc.
426 2701 489 2762 214
505 2719 512 2760 :
528 2700 590 2762 228
614 2697 634 2760 oi
658 2697 783 2779 utipanti
806 2697 959 2780 κοιράνοις.

540 2806 602 2863 ant.
626 2799 794 2882 (ἔπρα]ξας
817 2799 967 2882 δάμαρτος
990 2807 1044 2877 σᾶς
1066 2801 1190 2880 οτιοιίς.

293 2903 448 2968 Videmus
459 2904 550 2966 alteri
559 2924 707 2988 versuum
719 2905 829 2987 generi
838 2905 942 2968 lucem
953 2904 1067 2984 afferri,
1080 2905 1251 2970 versibusa
1261 2908 1325 2993 syl-

192 3010 265 3073 laba
277 3011 374 3093 longa
383 3009 616 3094 incipientibus,
631 3009 683 3092 qui
699 3009 848 3093 leguntur
864 3008 1002 3092 strophis
1019 3009 1161 3074 iambicis
1174 3011 1325 3074 immixti:

194 3113 392 3198 quiquidem
421 3113 518 3197 vulgo
547 3133 656 3176 versus
686 3113 840 3177 trochaici
862 3112 1020 3177 habentur
1048 3115 1120 3197 lege
1149 3115 1325 3200 epimixeos

193 3238 395 3280 numerorum
413 3216 721 3282 alloeometricorum
737 3217 798 3279 illis
815 3216 954 3301 strophis
969 3217 1089 3282 inserti.
1119 3217 1234 3302 Neque
1249 3240 1325 3283 vero

194 3342 273 3407 opus
290 3326 339 3385 est
361 3322 443 3384 hanc
465 3320 568 3404 legem
584 3326 739 3400 statuere3
760 3321 855 3384 immo
871 3320 998 3384 iambici
1012 3326 1084 3384 sunt
1096 3321 1141 3384 illi
1154 3343 1277 3402 versus,
1292 3323 1325 3386 in

192 3424 304 3506 quihus
329 3426 462 3489 creticus
482 3425 611 3488 diiambi
632 3425 725 3510 primi
746 3425 815 3488 vice
832 3424 986 3510 fungitur,
1011 3426 1062 3509 qui
1080 3427 1248 3509 quominus
1263 3426 1325 3490 hoc

190 3527 260 3591 loco
276 3527 437 3613 fungatur,
460 3529 536 3612 quid
558 3529 735 3613 prohibeat,
759 3549 830 3591 cum
854 3528 987 3594 deloco
1011 3530 1151 3606 secundo
1175 3537 1208 3594 et
1229 3531 1322 3595 tertio

191 3633 253 3695 hoo
275 3654 294 3696 a
317 3634 389 3697 viris
413 3634 514 3698 doctis
539 3633 742 3712 concedatur,
766 3632 914 3717 equidem
936 3654 1002 3696 non
1024 3635 1187 3719 intellego.

293 3736 388 3801 Addo
418 3759 489 3801 curn
516 3738 576 3801 bae
607 3735 787 3821 explicandi
816 3737 938 3801 ratione
970 3738 1112 3822 apprime
1144 3738 1322 3820 convenire,

194 3840 280 3926 quod
291 3848 416 3906 veteres
432 3863 580 3906 numeros
596 3841 783 3919 trochoides,
800 3862 872 3904 cum
887 3840 1029 3905 iambicis
1046 3862 1100 3906 eos
1114 3849 1324 3926 opponerent,

190 3944 287 4029 μέτρα
309 3943 444 4032 ἀκέφαλα
467 3947 693 4032 appellabant¹

192 4154 396 4162 ——-..—.

296 4294 305 4327 ¹
324 4291 378 4344 cfr.
398 4290 498 4352 Christ,
518 4292 609 4343 Merra
627 4307 654 4356 p.
675 4288 723 4341 115
741 4293 768 4340 et
787 4289 851 4355 2753
877 4290 928 4341 Die
947 4291 1131 4356 rhythmische
1151 4291 1322 4344 Continuitdt

193 4378 241 4430 dcr
260 4378 447 4444 griechischen
468 4378 659 4442 Chorgesdnge
679 4393 703 4440 p.
724 4376 762 4428 16.
