3038 5010
651 276 864 338 -w-

195 463 343 529 diiambis
364 465 458 529 mixti
474 464 695 543 inveniuntur,
715 466 805 531 solae
825 466 949 531 formae
964 508 985 534 ο
997 525 1013 534 .
1027 508 1048 533 ο
1060 526 1077 534 -
1093 472 1128 532 et
1142 526 1158 535 .
1171 525 1188 536 .
1200 509 1222 535 υ
1234 527 1250 536 .
1267 489 1326 533 ne-

194 589 255 654 que
270 569 339 632 ulla
354 570 418 633 alia
432 570 535 633 forma
551 569 685 635 diiambi
701 576 752 635 est
769 570 926 645 admissa;
949 570 983 657 ο)
1000 571 1086 655 quod
1105 571 1245 649 ionicus,
1268 571 1326 636 ubi

193 694 265 736 cum
289 672 430 737 diiambo
454 696 517 738 uno
541 674 721 758 eodemque
743 676 815 739 colo
839 675 1055 760 coniungitur,
1078 677 1254 760 sequitur
1276 677 1325 740 di-

192 777 349 855 iambum,
381 779 442 842 nisi
476 778 561 864 quod
595 779 628 841 iu
659 778 723 842 fine
757 778 962 864 stropharum
995 785 1084 842 certo
1118 779 1327 844 inveniuntur

191 882 315 947 formae
340 882 402 946 hae
425 924 578 949 ow--
602 888 634 946 et
656 923 846 949 υυυυυυυυ

279 1049 308 1110 3.
334 1046 484 1111 Occurrit
499 1047 624 1111 ionicus
640 1046 734 1111 modo
752 1047 880 1133 integer
893 1090 913 1113 ο
926 1091 946 1115 ο
958 1106 974 1115 -
988 1097 1019 1126 -,
1039 1048 1135 1111 modo
1158 1048 1324 1112 catalecti-

191 1173 248 1214 cus
272 1192 390 1231 ουῌ,
419 1151 513 1214 modo
542 1194 649 1218 Ν--
680 1173 697 1214 e
729 1151 869 1214 diiambo
898 1152 1062 1215 retardato
1091 1158 1197 1229 ortus,
1227 1151 1323 1215 modo

191 1255 324 1319 molossi
338 1257 470 1324 forma-
485 1315 501 1323 -
516 1315 532 1323 -
548 1258 723 1321 contractis
742 1257 868 1322 duabus
885 1258 1037 1322 brevibus
1053 1259 1200 1342 insignis.
1246 1257 1323 1322 Usi·
1450 1251 1453 1256 ⁵

190 1361 353 1424 latissima
375 1362 472 1424 ionici
492 1361 608 1425 variati
630 1369 680 1424 est
701 1363 893 1426 catalectico
912 1361 1016 1426 forma
1037 1405 1151 1443 acan,
1175 1383 1238 1447 qua
1260 1363 1322 1426 iam

190 1465 340 1545 Alcman,
363 1465 517 1546 Alcaeus,
540 1464 713 1529 Anacreon
736 1467 786 1529 usi
811 1473 895 1545 sunt,
919 1473 1017 1552 atque
1042 1468 1173 1552 saepius
1194 1466 1323 1551 quidem

189 1570 223 1632 in
249 1569 314 1632 fine
337 1570 399 1633 ooli
429 1591 524 1654 quam
550 1571 583 1634 in
606 1571 710 1634 initio.
754 1571 909 1635 Attamen
932 1612 1030 1637 ου...
1053 1571 1122 1635 fere
1146 1593 1211 1635 non
1238 1574 1321 1657 le‘gi-

189 1680 255 1752 tur,
290 1674 353 1736 nisi
382 1673 515 1758 stropha
549 1674 643 1736 simul
676 1674 816 1760 simplex
853 1675 985 1739 schema
1011 1717 1122 1743 oo--
1152 1677 1324 1758 contineat,

189 1784 331 1864 excepta
354 1779 500 1842 clausula
520 1819 744 1856 ccccccc
774 1779 935 1864 siquidem
957 1786 1045 1845 recte
1068 1782 1114 1844 ita
1136 1780 1198 1845 hoc
1222 1782 1322 1866 sylla·

190 1883 305 1947 barum
339 1883 471 1948 schema
501 1882 702 1947 describitur.
748 1883 864 1968 ltaque
892 1884 978 1948 Nub.
1004 1886 1080 1965 700,
1103 1887 1121 1948 3
1141 1916 1180 1938 =
1199 1887 1277 1959 804,
1304 1887 1322 1949 3

189 1987 245 2073 (of.
276 2010 374 2073 supra
404 2010 436 2074 p.
465 1987 522 2071 45)
557 1987 653 2050 aliam
690 2008 874 2051 mensuram
910 1988 1032 2053 habere
1061 1987 1230 2072 probabile
1261 1995 1320 2055 est.

188 2089 293 2154 Multo
317 2091 420 2154 rarius
445 2091 568 2154 formae
591 2133 640 2156 ,ο
653 2148 668 2156 -
682 2148 698 2156 -
721 2096 754 2155 et
776 2147 792 2155 -
805 2147 821 2154 -
834 2148 850 2156 -
873 2092 1036 2176 leguntur.

275 2289 304 2347 4.
328 2283 420 2348 Duas
455 2289 626 2369 praeterea
664 2283 813 2347 licentias
846 2282 1084 2367 Aristophanes
1121 2282 1252 2346 admisit
1289 2282 1322 2347 in

189 2387 357 2452 Ranarum
396 2388 539 2451 carmine
576 2389 1024 2465 324-336=3210-353‚
1064 2407 1137 2450 cum
1165 2430 1260 2454 οὼ
1289 2387 1323 2450 in

188 2492 279 2555 initio
313 2498 450 2577 poneret
480 2499 513 2555 et
543 2534 639 2558 ,cra
669 2513 726 2576 pro
755 2534 873 2558 .....
926 2490 1076 2554 Licentia
1109 2490 1215 2575 priore
1247 2491 1318 2555 loco

190 2602 439 2659 commemorata
462 2595 548 2681 apud
571 2597 713 2679 tragicos
737 2615 866 2680 quoque
890 2599 1005 2680 poetas
1022 2593 1231 2678 agnoscenda
1247 2616 1321 2659 esse

190 2699 332 2776 videtum
354 2701 394 2766 cf.
418 2701 502 2764 infra
523 2724 555 2788 p.
580 2703 632 2766 80.
655 2702 706 2766 87.

278 2888 307 2948 5.
330 2883 417 2948 Loco
448 2882 579 2947 dimetri
607 2882 705 2946 ionici
733 2881 809 2946 indo
833 2902 853 2943 a
875 2879 1059 2966 Sapphonis
1083 2902 1120 2945 ao
1144 2881 1322 2967 praecipue

191 2987 405 3052 Anacreontis
429 2992 575 3071 tempore
600 2984 730 3070 saepius
753 2989 930 3068 usurpatur
945 2983 1070 3047 ionicus
1087 2975 1321 3065 ἀνακλώμενος.
1400 3033 1407 3048 .

190 3093 277 3156 Huic
312 3090 444 3176 Sappho
482 3087 665 3174 praefigere
696 3087 780 3150 solet
810 3085 1002 3165 diiambum,
1038 3107 1057 3148 a
1087 3085 1323 3150 recentioribus

189 3197 294 3284 poetis
324 3197 357 3258 in
388 3193 506 3258 vicinia
538 3191 635 3256 ionici
670 3182 896 3272 ἀνακλωμένου
926 3189 996 3253 lere
1029 3189 1137 3252 nullus
1165 3210 1224 3275 pes
1259 3188 1322 3252 nisi

189 3302 314 3365 ionicus
339 3297 528 3362 admittitur.
568 3295 714 3359 Ionicum
737 3285 962 3375 ἀνακλώμενον
988 3313 1099 3377 parem
1121 3293 1248 3376 integro
1272 3291 1320 3356 di-

190 3411 296 3469 metro
320 3402 425 3466 ionioo
450 3400 551 3464 fuisse
575 3419 648 3462 cum
664 3399 728 3461 alia
752 3396 976 3461 demonstrant
992 3403 1061 3460 tum
1085 3416 1144 3460 eae
1169 3395 1321 3480 strophae

192 3517 224 3574 et
247 3506 487 3591 antistrophae,
514 3504 548 3577 in
579 3501 694 3588 quibus
721 3501 843 3565 ionicus
875 3492 1099 3581 ἀνακλώμενος
1123 3498 1249 3582 integro
1273 3497 1321 3561 di·

190 3617 294 3676 metro
322 3610 427 3674 ionico
455 3605 645 3693 respondet:
676 3605 796 3671 Bacch.
820 3606 896 3683 519,
918 3607 993 3665 5=
1011 3603 1123 3683 538,5
1147 3600 1199 3680 (cf.
1225 3621 1322 3686 supra

190 3740 220 3804 p.
239 3715 304 3800 72).
334 3736 402 3778 ran.
426 3715 498 3792 324,
515 3718 544 3776 4.
561 3715 590 3775 5.
606 3713 634 3774 6.
654 3711 812 3789 7:340,
829 3712 858 3772 4.
872 3711 901 3772 5.
918 3708 984 3770 6.7
1009 3705 1063 3790 (ef.
1087 3725 1184 3791 supra
1206 3725 1237 3789 p.
1256 3703 1319 3787 75).

190 3821 299 3884 Etiam
323 3818 385 3882 duo
409 3819 481 3882 oola
503 3816 658 3899 deinceps
682 3834 717 3877 se
738 3812 938 3897 excipientis
953 3809 1066 3874 ionicis
1083 3800 1321 3890 ἀνακλωμέναις

191 3924 369 4010 composita
386 3928 475 3985 sunt:
507 3921 626 3983 Anacr.
650 3917 687 3982 fr.
712 3919 768 3997 43,
788 3922 814 3979 l.
831 3918 860 3981 2.
876 3920 905 3978 4.
922 3919 952 3981 5.
981 3913 1020 3978 fr.
1043 3903 1095 3978 44.
1124 3903 1324 4008 4ο.45,1.2,’

190 4030 296 4113 Prom.
322 4030 393 4104 397,
411 4029 472 4090 3.4
490 4056 529 4079 --
547 4026 621 4103 406,
635 4024 664 4088 3.
678 4025 706 4085 4.
756 4019 901 4104 Ohoeph.
926 4020 998 4098 327,
1019 4021 1045 4082 l.
1062 4018 1081 4078 2
1097 4046 1137 4068 =
1152 4016 1224 4094 358,
1244 4019 1271 4076 1.
1290 4017 1319 4078 2.

190 4132 310 4196 Bacch.
333 4133 405 4210 519,
428 4126 736 4206 6.8=538,6.8.
790 4121 879 4206 Oyol.
908 4119 1264 4200 495,1.2.3=503‚
1291 4122 1317 4180 1.

192 4238 399 4315 23:511,
420 4236 493 4298 1.2.
511 4234 539 4297 3.
587 4221 1198 4324 Soph.Eleotr.1053,2=1070,2.
1265 4271 1267 4274 .
