3038 5010
191 546 280 623 sunt,
312 542 369 606 sed
392 546 519 606 tontum
543 539 639 604 metri
664 539 927 605 commoditatem
955 543 1178 620 respexerunt.
1225 539 1310 604 Nam
1333 539 1417 622 legi-

191 668 261 713 mus
294 650 381 730 apud
409 648 600 730 Sophoclem
632 667 760 729 semper
782 643 976 735 Ἡρακλῆς,
999 642 1172 733 Ἡρακλεῖ
1201 647 1258 711 sed
1285 653 1418 727 praeter

190 753 369 841 Ἡρακλέα
402 756 518 820 Tracb.
538 757 602 820 233
637 755 736 820 etiarn
769 750 932 841 Ἡρακλῆ
964 754 1080 818 Trach.
1100 754 1165 818 476
1198 752 1232 816 in
1264 754 1327 818 fine
1357 754 1417 819 tri·
1455 777 1459 784 ·

191 863 297 927 metri.
337 862 515 944 Euripides
540 869 648 927 autem
672 866 805 943 praeter
826 843 1007 948 Ἡράκλῆς
1031 859 1129 924 etiam
1147 866 1197 925 ter
1221 860 1255 925 in
1271 860 1333 926 fine
1357 861 1417 927 tri-

191 970 288 1034 metri
303 958 509 1056 Ἡράκλὲης
532 969 658 1050 posuit:
691 967 763 1033 lon.
776 968 871 1049 1196,
896 967 1064 1033 Heraclid.
1079 967 1153 1048 210,
1179 968 1256 1032 Her.
1275 969 1349 1033 914.

282 1132 332 1196 28.
359 1122 554 1197 Genetiuum
571 1130 752 1212 singularis
768 1129 896 1195 numeri
913 1129 1194 1195 substantivorum
1211 1153 1269 1204 -ις
1285 1130 1417 1213 syllaba
1433 1174 1435 1178 -

193 1237 696 1303 desinentiumterminationem
722 1261 823 1311 -εως
850 1237 972 1301 habere
996 1236 1079 1301 satis
1103 1242 1241 1302 constat.
1282 1237 1418 1319 Tragici

192 1364 421 1425 nonnunquam
450 1351 552 1409 metro
577 1344 765 1426 postulante
789 1343 1053 1409 terminationem
1078 1365 1147 1408 -εο
1154 1367 1171 1418 ς
1198 1343 1419 1409 adhibuerunt

193 1449 350 1536 (τιόλεοςε
388 1452 505 1517 Aesch.
524 1452 611 1532 Sept.
638 1453 710 1532 196,
750 1455 813 1533 Ag.
834 1451 928 1532 1167,
968 1450 1065 1532 Soph.
1083 1450 1159 1514 Ant.
1189 1452 1261 1532 162,
1300 1450 1417 1532 Eurip.

193 1560 248 1625 Or.
274 1561 352 1640 895,
400 1559 563 1641 lphrlul.
590 1560 669 1639 376,
716 1559 828 1640 Suppl.
855 1559 919 1623 632
951 1558 1060 1642 (lyr),
1108 1559 1186 1623 Her.
1212 1559 1277 1623 876
1306 1556 1417 1643 (lyr.);

193 1663 321 1754 ὄφεος
355 1668 434 1731 Eur.
454 1667 572 1731 Bacch.
601 1666 709 1750 1925),
744 1668 829 1746 quod
860 1665 960 1730 etiam
990 1665 1107 1730 comici
1138 1665 1304 1730 nonnullis
1335 1665 1418 1730 locis

194 1774 351 1855 fecerunt,
376 1774 432 1838 ubi
456 1774 515 1839 illa
532 1773 640 1839 forma
663 1780 779 1839 contra
795 1772 943 1838 codicum
967 1772 1198 1837 auctoritatem
1214 1772 1418 1837 restituenda

193 1888 243 1945 est
270 1888 372 1946 metro
406 1888 569 1962 poscente.
620 1881 701 1945 Tres
732 1880 798 1945 loci
826 1879 926 1962 lyrici
957 1886 1046 1960 sunt,
1081 1880 1178 1960 Vesp.
1199 1880 1294 1960 1282,
1322 1879 1417 1959 1458,

193 1988 320 2053 Thesm.
346 1989 425 2069 465,
460 1988 577 2068 quibus
610 1984 749 2074 φύσεος
784 1987 838 2052 vel
871 1983 1000 2074 ὕβρεος
1033 1987 1205 2067 legendum
1239 1994 1297 2051 est.
1354 1986 1418 2051 Sed

193 2095 292 2159 etiam
316 2095 351 2160 in
375 2095 541 2161 deverbiis
564 2095 769 2160 restituenda
793 2102 843 2159 est
865 2094 926 2158 illa
951 2094 1075 2158 forma:

281 2221 367 2285 Plut.
395 2220 489 2285 1044.
514 2216 641 2284 τάλαιν’
665 2216 726 2302 ἕνα)
748 2223 807 2305 τῆς
829 2215 961 2306 ὕβρεος
985 2207 1023 2304 ἧς
1045 2215 1224 2305 ὑβρίζομαι
1238 2218 1271 2303 ¹).

282 2328 478 2408 Theopomp.
505 2328 545 2391 fr.
573 2328 647 2408 32³,
672 2327 689 2391 I
711 2346 742 2408 p.
762 2327 835 2390 741.

375 2425 427 2522 ἆρ’
451 2426 481 2499 εἶ
504 2431 689 2521 κάτοπτρον
713 2432 850 2521 φύσεος
874 2429 912 2520 ἢν
935 2433 1058 2520 τιλῆρες
1081 2433 1196 2519 δοθῇς.

282 2542 400 2606 Eubul.
427 2542 467 2606 fr.
493 2543 569 2623 679,
594 2542 775 2622 Πρ.187.

373 2652 500 2726 πασῶν,
524 2645 665 2725 διώκειν,
688 2644 820 2735 ὕβρεος
844 2644 883 2712 οὕ
906 2644 1019 2712 πάλλον
1042 2644 1149 2735 χάριν.

280 2756 398 2821 Eubul.
425 2757 466 2820 fr.
492 2757 568 2837 94ι,
593 2756 628 2820 H
652 2775 682 2837 p.
704 2757 775 2821 196.
1308 2836 1312 2844 ,

374 2860 530 2951 ἡμέτερός
553 2860 629 2940 ἐστ’,
653 2858 723 2926 άλλ’
746 2859 902 2950 ὕβρεος·
927 2858 945 2926 ὁ
971 2860 1008 2927 δὲ
1031 2859 1182 2944 πέμπτος
1203 2864 1293 2948 βοῆς.

281 2969 399 3034 Eubul.
425 2970 467 3034 fr.
496 2970 558 3035 120
570 3000 594 3051 ε,
619 2970 654 3034 ΙΙ
677 2989 708 3051 p.
727 2970 800 3035 207.

373 3080 432 3165 τῆς
454 3074 588 3152 τιάλεος
611 3074 841 3164 ἀπεχώρησαν,
866 3066 903 3164 ἧς
926 3068 1014 3142 εἷλον
1037 3073 1121 3143 τότε.

283 3240 334 3304 29.
365 3239 461 3304 Alias
493 3241 617 3305 formas
648 3246 684 3304 ut
714 3236 852 3327 Νηρέος,
876 3241 1005 3326 τοκῆας,
1030 3235 1156 3325 άνὲρος,
1181 3233 1304 3325 άνὲρες,
1338 3255 1419 3317 quas

192 3345 431 3427 Aristophanes
460 3347 494 3411 in
519 3347 657 3412 canticis
682 3347 733 3412 vel
763 3347 797 3410 in
825 3346 973 3428 parodiis
1004 3345 1144 3411 aliorum
1167 3350 1338 3425 poetarum
1361 3344 1419 3407 ad-

193 3453 309 3534 hibuit,
334 3460 515 3537 praetereo‚
541 3474 612 3519 cum
636 3474 700 3519 non
724 3461 791 3519 tam
815 3453 911 3518 metri
930 3472 1026 3531 quam
1051 3451 1210 3517 sermonis
1235 3450 1321 3532 epici
1345 3450 1419 3514 irni-

194 3560 287 3625 tandi
311 3580 410 3626 causa
435 3581 490 3627 eas
513 3561 724 3643 usurpaverit
734 3559 768 3640 2).

281 3668 345 3733 Sed
373 3669 541 3733 afferenda
566 3675 616 3733 est
646 3669 753 3733 forma
775 3667 906 3748 longior
936 3663 1158 3754 θυγατέρος,
1195 3684 1291 3746 quam
1321 3664 1418 3730 semel

193 3774 289 3839 metri
314 3793 413 3840 causa
436 3782 534 3857 poeta
557 3775 724 3840 adhibuit:

285 3882 380 3963 Vesp.
408 3883 502 3948 1397.
535 3885 593 3970 τῆς
615 3879 827 3965 Ἀγκυλίωνος
849 3877 1057 3968 θυγατέρος
1080 3880 1134 3945 καὶ
1159 3875 1367 3967 Σωστράτης.

194 3987 253 4074 (At
286 3989 391 4053 forma
422 3989 547 4054 usitata
579 3986 765 4077 θυγατρός
796 3988 920 4070 legitur
949 3989 1047 4068 Vesp.
1070 3986 1157 4072 573).
1210 3987 1293 4050 lem
1323 3985 1420 4051 metri

285 4258 304 4325 ¹)
324 4257 433 4311 Nullam
458 4273 568 4310 cansam
587 4258 686 4325 habeo,
713 4274 760 4311 cur
785 4259 813 4310 in
832 4257 882 4310 hoc
902 4272 982 4309 versu
1003 4253 1186 4321 corruptelam
1211 4253 1300 4306 inesse
1318 4256 1420 4320 putem,

193 4346 265 4412 qnod
289 4347 414 4401 fecerunt
443 4347 581 4400 Hermann
608 4347 652 4416 (ad
673 4347 740 4403 Nub.
759 4347 844 4414 1976),
878 4345 1019 4398 Fritzschc
1046 4344 1091 4413 (acl
1112 4343 1218 4397 Thesm.
1233 4343 1304 4410 465),
1336 4341 1420 4408 Speclr

194 4434 211 4488 l.
227 4452 249 4488 c.
268 4452 292 4504 p.
308 4437 349 4490 35.

285 4525 304 4594 ²)
325 4526 409 4592 Speck
429 4542 475 4579 eas
494 4527 607 4594 collegit
626 4527 642 4580 l.
658 4544 679 4580 c.
700 4542 724 4593 p.
739 4529 774 4578 35
785 4543 805 4580 ε.
