3038 5010
645 470 866 558 ,46-

167 664 336 731 artissime
370 664 551 731 coniuncta
584 678 636 733 est
668 689 744 733 cum
779 690 866 735 voce
898 669 1066 755 sequenti,
1103 669 1146 737 illi
1179 659 1340 738 tribrachi

167 771 349 838 offensioni
381 793 458 838 esse
489 793 557 837 non
589 785 746 860 possunt.
795 772 969 863 Deinceps
995 775 1121 862 dactyli
1146 779 1339 843 secundum

166 879 280 966 legem
298 877 360 945 nisi
378 878 409 946 in
427 879 616 968 imparibus
640 881 783 948 sedibus
801 904 878 948 -non
904 895 1082 969 apparent.
1131 882 1340 951 Coniunctio

166 1007 308 1074 quoque
340 999 528 1053 metrorum
563 999 616 1054 cst
647 988 805 1055 absoluta
830 1010 869 1054 ac
895 989 1055 1076 perfecta.
1103 989 1339 1058 Caesurarum

166 1105 278 1159 autem
294 1093 610 1180 semiseptenariam
626 1097 763 1182 saepius
777 1094 921 1162 inveniri
936 1103 979 1177 (v.
994 1120 1025 1176 2,
1039 1119 1069 1184 3,
1084 1120 1114 1183 4,
1128 1099 1158 1177 6,
1173 1120 1204 1184 9,
1222 1120 1271 1180 11,
1289 1099 1341 1186 12)

166 1201 355 1267 notandum
382 1215 443 1272 est.

255 1307 502 1395 Disquisitione
519 1308 623 1396 igitur
641 1309 780 1376 metrica
797 1310 1024 1398 prologorum
1045 1311 1123 1378 illud
1139 1311 1339 1392 affirmatur,

166 1416 260 1503 quod
294 1417 359 1482 iam
391 1439 434 1482 ex
466 1439 586 1483 eorum
617 1416 788 1504 scriptura
813 1429 846 1484 et
871 1419 1121 1505 orthographia
1146 1418 1339 1501 statuimus,

165 1546 227 1590 eos
252 1523 466 1612 temporibus
481 1523 696 1591 Ptolemaicis
720 1547 798 1591 esse
823 1524 1062 1592 attribuendos
1087 1525 1198 1617 iisque
1222 1526 1339 1614 priori-

165 1631 241 1711 buS,
275 1632 367 1719 quod
401 1631 652 1718 posterioribus
684 1631 838 1698 trimeter
861 1632 996 1698 solutus
1021 1632 1132 1699 rarius
1158 1632 1234 1699 usui
1259 1656 1339 1701 esse

166 1738 287 1826 coepit.

254 1846 301 1914 Ut
328 1846 394 1912 iam
421 1868 527 1934 supra
554 1845 835 1924 commemoravi,
865 1846 1024 1934 equidem
1055 1869 1131 1913 cum
1158 1847 1339 1936 Koerti0¹)

166 1976 257 2040 nego
289 1954 354 2019 hos
385 1953 554 2040 prologos
585 1976 736 2041 unquam
768 1953 1007 2041 pronuntiatos
1032 1976 1110 2021 esse
1135 1955 1166 2020 in
1192 1955 1337 2036 theatr0‚

165 2083 208 2127 ne
239 2061 306 2127 hoc
339 2059 477 2147 quidem
504 2060 613 2126 Leoni
647 2061 834 2126 concedam
865 2083 944 2127 esse
969 2083 1030 2127 eos
1056 2059 1269 2149 compositos
1295 2062 1337 2127 ad

165 2190 290 2234 novam
309 2167 444 2234 fabulae
461 2168 630 2234 actionem
656 2169 960 2247 introducendam;
986 2190 1055 2233 non
1073 2181 1153 2234 sunt
1172 2167 1246 2233 veri
1262 2190 1339 2256 pro·

164 2274 245 2361 logi,
271 2275 303 2341 id
322 2286 471 2361 estpars
490 2275 702 2355 comoediae,
728 2296 796 2361 qua
815 2274 926 2340 labula
944 2273 1182 2342 introducitur.
1231 2273 1337 2358 Quod

164 2381 229 2448 iam
248 2404 290 2447 ex
312 2382 452 2448 ludicris
477 2380 697 2468 artificiisque
722 2381 896 2469 usurpatis
922 2381 1071 2468 intellegi
1098 2393 1222 2469 potest,
1248 2402 1338 2467 quae

165 2489 362 2576 neutiquam
393 2501 472 2576 apta
501 2500 598 2555 erant
622 2489 664 2555 ad
691 2489 993 2576 pronuntiandum.
1042 2487 1160 2571 Quid?
1206 2487 1336 2554 Perse

164 2620 278 2664 nonne
302 2598 509 2684 intellegitur
533 2598 617 2663 tales
642 2597 811 2685 prologos
830 2619 897 2662 non
916 2595 1070 2662 eiusdem
1089 2594 1240 2662 auctoris
1257 2616 1337 2662 esse

164 2727 204 2771 ac
234 2705 426 2786 fragmenta
461 2704 642 2770 voluminis
673 2702 838 2769 adversi?
890 2702 993 2769 Tituli
1027 2713 1085 2768 aut
1116 2700 1338 2789 praelationis

117 2826 120 2830 ’
163 2812 240 2879 loco
258 2834 405 2878 aversae
422 2811 507 2899 parti
525 2810 708 2878 voluminis
725 2822 846 2898 postea
865 2808 1014 2897 inscripti
1040 2821 1129 2884 sunt,
1156 2809 1241 2874 alter
1258 2820 1338 2896 post

165 2920 307 2985 alterum
334 2941 353 2984 a
378 2918 526 2985 diversis
551 2931 586 2985 ut
610 2918 731 2985 scribis
757 2920 801 2983 ita
826 2916 1036 2986 auctoribus.
1085 2915 1162 2981 Mea
1197 2914 1336 3003 quidem

163 3027 332 3095 sententia
356 3027 389 3093 hi
415 3026 551 3115 prologi
576 3049 644 3092 non
669 3027 773 3112 longe
802 3025 928 3091 distant
955 3024 998 3090 ab
1023 3023 1085 3090 illis
1111 3022 1337 3110 argumentiS,

164 3157 207 3201 ne
240 3133 361 3214 dicam,
396 3133 484 3200 idem
518 3145 597 3200 sunt
630 3133 723 3221 quod
756 3146 960 3218 argumenta
993 3130 1143 3200 metrica.
1198 3129 1337 3196 Docent

165 3264 238 3321 nos
272 3242 450 3328 quomodo
480 3241 533 3306 illa
561 3253 767 3326 argumenta
791 3239 858 3306 sint
883 3251 968 3308 orta.
1017 3238 1105 3304 Nam
1131 3237 1174 3304 illi
1199 3235 1336 3324 prologi

164 3350 250 3416 duas
268 3361 384 3436 partes
404 3347 574 3427 exhibent,
602 3370 745 3434 quarum
772 3347 878 3413 altera
903 3347 940 3424 is,
968 3346 1024 3433 qui
1050 3345 1234 3432 prologum
1261 3365 1337 3431 pro·

164 3456 304 3535 nuntiat,
330 3454 558 3521 introducitur
582 3456 688 3521 altera
713 3467 954 3536 argumentum
982 3466 1151 3522 narratur.

253 3562 374 3628 Melius
391 3576 503 3628 autem
523 3563 612 3628 duae
629 3561 704 3627 illae
720 3573 836 3648 partes
855 3559 1021 3646 cognosci
1037 3570 1184 3646 possunt
1210 3556 1241 3623 in
1260 3580 1336 3647 pro·

163 3672 246 3757 logo
269 3669 430 3758 quodam,
455 3692 556 3757 quem
580 3669 698 3735 Kaibcl
721 3692 763 3733 ex
784 3689 918 3755 papyro
934 3664 1225 3752 Argentoratensi
1247 3666 1335 3754 53⁸²),

164 3776 278 3855 edidit,
293 3776 418 3842 deinde
432 3776 662 3843 Reitzenstein
676 3780 708 3861 ³),
724 3788 793 3842 tum
812 3774 985 3840 Henricus
999 3772 1047 3839 W
1049 3774 1089 3839 eil
1101 3776 1123 3857 4)
1137 3783 1336 3841 tractarunt.

165 3891 172 3896 Ι
253 3920 274 3990 ¹)
295 3920 506 3990 Verhandlung
532 3922 558 3973 d.
578 3938 621 3988 49.
642 3919 870 3988 Versammlung
897 3918 1054 3972 deutscher
1080 3915 1252 3986 Philologen
1277 3915 1336 3968 und

163 4003 377 4057 Schulmanner
395 4000 423 4054 in
444 4002 529 4055 Basel
554 4018 619 4070 1907
640 4018 667 4070 p.
687 4018 721 4069 44
741 4009 770 4053 et
788 3999 917 4053 Hermes
937 3998 1029 4052 XLlll
1049 4017 1078 4068 p.
1096 3998 1132 4066 38
1142 4014 1207 4066 sqq.

252 4082 273 4151 'l
294 4082 488 4136 Nachrichten
510 4084 562 4135 dcr
582 4082 736 4151 Gottinger
750 4079 943 4134 Gesellschast
962 4081 1015 4133 der
1029 4076 1247 4131 Wisscnschast
1268 4076 1338 4144 1899

165 4182 192 4235 P·
211 4181 339 4235 549sqq·

253 4244 273 4313 ⁸)
296 4244 456 4331 ,Hermesl
478 4261 512 4314 35
533 4246 628 4313 (1900)
648 4261 675 4313 p.
695 4243 755 4296 622.

251 4334 273 4397 ‘l
292 4334 403 4388 Etudes
418 4335 455 4387 de
469 4334 631 4387 litterature
645 4340 674 4386 et
693 4334 730 4386 de
750 4331 917 4402 rythmiquc
936 4346 1081 4400 grccques
1102 4345 1170 4398 1902
1184 4345 1212 4398 p.
1225 4342 1336 4397 aosqq.
