3038 5010
642 477 858 543 -44-

164 633 312 721 louguet
344 645 562 714 censuerunt,
599 656 667 721 ego
701 655 842 721 quoque
873 633 1140 710 adulescentem,
1174 633 1271 701 cuius
1303 655 1335 699 m

164 740 276 829 primo
306 741 464 830 prologo¹
489 739 616 808 mentio
651 740 699 822 fit,
732 740 822 807 illum
848 739 1062 808 Phaidimum
1087 763 1166 809 esse
1188 752 1223 808 et
1245 741 1335 808 illam

165 847 377 914 meretricem
411 848 556 936 puellam
589 846 818 915 Troezeniam
853 846 954 915 huius
984 847 1122 936 prologi
1145 859 1241 935 puto.
1288 848 1336 914 At

164 956 230 1023 hoc
261 954 492 1043 fragmentum
525 977 593 1021 non
628 954 828 1022 comoediae
852 954 1085 1023 Menandreae
1110 995 1150 1004 -
1175 955 1275 1023 Blass
1303 969 1337 1022 et

164 1062 311 1146 louguet
335 1062 523 1129 admonent
547 1063 590 1128 de
611 1065 735 1148 Ἀιαῖστιρ
760 1061 975 1150 Menandri¹)
992 1103 1034 1111 -
1051 1084 1130 1130 esse
1148 1061 1278 1130 Koerte
1303 1062 1335 1129 in

168 1168 357 1254 „Hermael
387 1170 562 1238 volumine
585 1168 709 1249 XLIII,
734 1192 766 1258 p.
791 1172 835 1257 38
858 1191 935 1257 sqq.
961 1192 1025 1237 suo
1057 1170 1130 1237 iure
1153 1169 1234 1238 mihi
1259 1191 1336 1237 con·

163 1278 306 1345 tendere
322 1275 478 1344 uldetur:
506 1276 698 1344 Dictionem
716 1289 821 1365 atque
838 1275 972 1344 dicendi
989 1299 1102 1364 genus
1124 1276 1234 1344 aliena
1257 1298 1337 1344 esse

163 1386 206 1452 ab
232 1399 306 1453 arte
332 1385 554 1460 Menandrea,
580 1407 669 1472 quae
693 1384 794 1472 plane
820 1385 952 1452 eluceat
976 1407 1019 1451 ex
1043 1384 1246 1472 fragmentis
1270 1384 1335 1451 iam

164 1492 289 1561 diutius
314 1492 462 1580 cognitis
480 1492 746 1561 Circumtonsae
762 1491 965 1560 Adulatoris
986 1492 1256 1580 Agricolaeque,
1280 1491 1336 1589 im·

163 1600 280 1689 primis
312 1613 425 1668 autem
459 1622 502 1667 ex
526 1599 728 1687 fragmentis
754 1622 864 1687 nuper
888 1599 1049 1690 repertis;
1090 1622 1277 1690 numquam
1303 1599 1335 1666 in

164 1705 352 1776 comoediis
370 1707 592 1774 Menandreis
611 1706 799 1774 sententias
817 1728 895 1774 esse
912 1719 979 1773 tam
1000 1707 1141 1795 copiose
1164 1718 1199 1773 et
1222 1719 1336 1773 tamen

164 1814 259 1881 aride
284 1813 402 1893 dictas
425 1826 462 1881 ut
485 1813 517 1880 in
543 1813 703 1882 versibus
732 1815 794 1881 128
817 1836 894 1902 sqq.
922 1814 1023 1882 huius
1048 1812 1241 1901 fragmenti,
1267 1813 1337 1901 qui·

164 1922 229 1988 bus
259 1922 302 1987 de
333 1921 447 1988 animo
480 1920 587 1988 fallaci
619 1920 807 1988 amicorum
845 1933 978 2008 agatur,
1015 1934 1073 1989 aut
1108 1920 1140 1987 in
1177 1922 1337 1989 versibus

166 2029 229 2115 136
249 2050 337 2117 sqq,
363 2029 490 2115 quibus
514 2027 558 2094 de
582 2027 652 2094 vita
676 2027 821 2095 amicitia
846 2040 985 2096 carente
1009 2027 1053 2095 sit
1075 2050 1192 2096 sermo
1201 2051 1210 2110 ;
1236 2027 1336 2095 etiam

163 2157 228 2203 usu
260 2136 447 2202 verborum
481 2146 656 2202 auctorem
690 2134 791 2203 huius
822 2135 1005 2218 fragmenti
1036 2135 1142 2223 longe
1165 2135 1338 2202 distarea

163 2243 366 2312 Menandro,
415 2242 510 2330 Ergo
528 2265 605 2310 cum
623 2241 769 2309 Koertio
786 2242 1051 2310 abiudicandum
1070 2243 1233 2311 essehoc
1250 2240 1337 2329 frag·

163 2361 315 2417 mentum
340 2372 359 2416 a
384 2348 576 2416 Menandro
609 2349 767 2422 arbitror.
815 2349 905 2435 Quis
936 2349 1036 2417 fuerit
1068 2361 1199 2430 auctor,
1235 2348 1338 2416 statui

165 2478 234 2522 non
258 2456 323 2523 iam
350 2460 510 2545 potest2).
559 2455 695 2523 Nomen
720 2469 833 2524 autem
860 2456 961 2525 huius
986 2455 1188 2524 comoediae
1206 2454 1339 2523 Koerte

162 2564 327 2652 proponit
350 2566 522 2653 Τροιζηνία,
558 2564 650 2651 quod
682 2563 794 2653 primo
829 2588 871 2632 ex
902 2566 1052 2653 prologo
1085 2566 1173 2631 bene
1204 2562 1338 2631 eruisse

164 2671 242 2739 mihi
274 2672 422 2742 videtur.
478 2671 566 2738 Nam
599 2683 723 2759 poetae
756 2671 889 2739 mediae
922 2685 1027 2758 atque
1058 2693 1171 2739 novae
1203 2692 1339 2738 comoe-

163 2779 239 2846 diae
285 2801 373 2867 quae
411 2790 582 2845 vocantur
626 2801 732 2867 saepe
773 2802 815 2845 ex
860 2779 1004 2846 urbibus
1045 2794 1103 2846 aut
1143 2777 1339 2846 nationibus

163 2885 302 2952 nomina
326 2885 515 2953 comoediis
540 2884 720 2974 imponunt
728 2909 737 2967 ;
772 2885 812 2955 cf.
838 2886 972 2953 mediae
996 2885 1198 2953 comoediae
1222 2884 1340 2952 titulos

163 3007 199 3061 ut
232 2995 367 3071 Βοιωτίς,
396 2997 581 3082 Ἐπιδαύριος
612 2993 829 3081 Antiphanis,
854 2994 961 3077 Σαμὶαι
997 2992 1255 3060 Anaxandridis
1280 3004 1340 3059 aut

163 3123 278 3168 novae
303 3101 504 3168 comoediae
529 3101 678 3190 ΙΙερινΙΙία,
704 3102 858 3187 Μεσσηνία
882 3099 1072 3172 Menandri.

254 3206 326 3275 Sed
351 3231 441 3276 nunc
474 3207 557 3276 satis
590 3207 695 3274 multa
721 3209 829 3275 verba
858 3207 982 3274 fecisse
1012 3207 1134 3274 videor
1158 3206 1202 3274 de
1226 3217 1339 3273 aetate

254 3389 273 3456 ¹)
292 3388 377 3444 Blass
406 3398 435 3442 et
460 3388 583 3458 louguet
606 3387 802 3457 fragmentum
829 3386 907 3455 illud,
937 3388 1015 3458 quod
1044 3387 1138 3443 solum
1167 3386 1340 3441 comoediae

162 3479 369 3546 Menandreae,
390 3496 464 3548 quae
484 3477 622 3548 inscripta
642 3488 705 3532 erat
718 3477 838 3537 Ἄπιστος,
860 3476 944 3532 nobis
963 3476 1103 3532 traditum
1125 3486 1169 3531 est
1185 3476 1280 3545 (Koek
1293 3474 1340 3544 111,

162 3586 190 3639 p.
209 3585 242 3622 21
263 3566 317 3637 frg,
336 3567 391 3636 64),
420 3567 457 3620 ad
486 3565 683 3636 fragmentum
713 3567 797 3621 huius
823 3565 930 3638 papyri
954 3568 1029 3621 bene
1055 3567 1201 3636 quadrare
1228 3574 1340 3636 putant.

163 3655 228 3725 Qua
242 3657 324 3711 dere
338 3673 405 3710 meo
419 3655 525 3711 iudicio
546 3673 584 3710 ex
603 3655 651 3710 illo
671 3655 836 3726 fragmento
851 3655 990 3711 aKoclrio
1010 3655 1097 3710 allato
1117 3655 1187 3709 nihil
1206 3652 1340 3709 concludi

166 3755 271 3818 potest.
308 3746 518 3816 Fragmentum
539 3745 621 3801 audI:

598 3851 677 3924 ᾤμην,
699 3849 723 3904 ei
744 3849 772 3904 τὸ
801 3850 903 3923 χρυσίον
921 3850 997 3922 λα’βαι

451 3941 464 3995 ὁ
486 3942 566 4016 ρὲριυν
587 3939 737 4015 θεράπαιναν
757 3939 834 4003 εὐθὺς
853 3941 1028 4015 ἡραρασριένην

451 4030 530 4103 ἅβραν
550 4030 662 4084 ἔσεσθαι,

252 4139 275 4202 ²)
296 4139 498 4197 Wilamowitz
518 4140 534 4192 l.
544 4158 566 4194 c.
580 4158 608 4210 p.
616 4157 651 4209 35
671 4140 810 4193 admonet
830 4140 867 4193 de
887 4139 983 4210 poetis
1003 4139 1123 4194 comicis
1141 4138 1341 4194 Alexandriae

162 4229 340 4297 florentibus
361 4247 483 4299 quorum
497 4229 615 4283 nomina
627 4229 709 4283 nobis
719 4238 786 4282 sunt
801 4229 899 4298 ignota
913 4238 1038 4300 excepto
1052 4229 1169 4283 nomine
1180 4226 1340 4299 Machonis,

163 4319 243 4373 cuius
266 4318 436 4373 Athenaeus
455 4319 500 4373 bis
520 4316 611 4389 (241f.
633 4326 661 4371 et
680 4320 733 4387 664
744 4319 771 4382 a)
793 4318 972 4372 mentionem
992 4317 1067 4375 facit.
