3038 5010
647 303 864 366 ..73-

189 489 284 564 Quod
311 492 345 555 in
373 493 437 557 fine
466 493 672 559 choriambus
701 495 826 581 positus
854 499 920 575 est,
949 495 1005 559 vix
1035 495 1237 582 probandum
1261 499 1323 577 est,

189 595 340 678 quoniam
363 601 431 660 tota
450 598 589 684 stropha
612 617 655 664 cx
677 599 790 664 ionicis
814 604 957 673 constat;
983 599 1093 683 itaque
1115 601 1226 663 malim
1249 621 1322 664 cum

191 697 332 763 Christio
349 699 566 786 (Continuitiit
581 726 612 790 p.
626 706 680 786 31)
696 703 831 768 credere
854 704 964 768 verbis
982 699 1321 794 Διονύσον-μελήσει

195 825 294 868 unum
318 805 405 870 effici
427 828 557 872 versum
579 809 641 873 hac
663 809 768 873 forma
791 808 968 892 insignem:

191 1021 240 1086 De
265 1023 413 1087 clausula
435 1067 609 1092 cm„
636 1025 676 1090 ci.
699 1048 732 1112 p.
755 1028 806 1091 81.

274 1134 424 1199 Alterum
437 1156 568 1200 carmen
581 1142 632 1200 est
644 1136 882 1202 Anacreontion
895 1157 984 1202 more
998 1137 1214 1223 compositum
1226 1136 1321 1200 illud:

364 1264 454 1350 Cycl.
479 1269 649 1330 495-502
665 1299 704 1321 =
723 1269 893 1330 503-510
910 1297 949 1320 =
967 1268 1137 1329 511-518

195 1372 304 1462 μάκαρ
328 1371 419 1455 ὅστις
439 1370 559 1458 εὖιοίζει
582 1373 727 1464 βοτρύων
748 1375 881 1467 φίλαισι
904 1381 1028 1466 πηγαῖς
1274 1407 1319 1446 ιιι

192 1478 247 1545 ἐπὶ
271 1482 382 1563 κῶμον
403 1478 633 1560 &marcobrio
656 1478 754 1570 φίλον
776 1475 861 1567 ἄνδρ’
886 1473 1127 1566 ὖιταγιαλίζων,

192 1582 247 1649 ἐντί
272 1580 435 1668 δεμνίοισί
458 1577 485 1647 τ’
512 1577 616 1663 ίίνθος
636 1585 790 1673 χλιδανῆς
811 1581 892 1666 ἔχων
913 1580 1046 1671 ἑταίρας
1275 1617 1321 1656 soc

190 1683 402 1774 μορόχριστος
417 1683 559 1773 λινιαρόν
575 1683 761 1774 βόστρυχον,
778 1681 864 1776 αὐδᾷ
875 1685 911 1753 δὲ
923 1683 1050 1774 ,,θίραν
1064 1683 1117 1767 τίς
1128 1683 1210 1769 οίξει
1226 1711 1284 1771 μοι
1292 1691 1323 1769 ,·“

191 2103 332 2168 Maxime
364 2104 480 2167 mirum
512 2110 562 2169 est
596 2147 799 2170 .......
830 2105 862 2167 in
892 2104 956 2168 fine
988 2104 1087 2168 trium
1118 2103 1324 2189 stropharum

190 2208 315 2292 parium
338 2210 490 2293 positum,
514 2208 600 2293 quod
616 2214 692 2272 ante
708 2207 899 2293 Euripidem
923 2229 1019 2272 nemo
1037 2206 1194 2271 adhibuit.
1229 2206 1322 2281 Quae

192 2312 338 2375 clausula
361 2311 522 2397 quomodo
552 2313 594 2376 sit
622 2312 832 2397 explicanda,
859 2334 974 2397 parum
1002 2319 1125 2377 certum
1151 2317 1211 2377 est.
1256 2311 1324 2375 Aut

192 2415 276 2478 enim
296 2414 504 2479 statuendum
520 2423 628 2479 estex
649 2458 841 2494 ooooooo
854 2463 888 2480 r.
909 2438 970 2502 per
985 2416 1154 2480 anaclasin
1171 2416 1324 2482 effectum

189 2540 261 2582 esse
286 2559 510 2584 .......
534 2516 546 2603 (
547 2562 785 2597 ........
814 2520 982 2582 coniunxit
996 2519 1235 2605 Aristophanes
1254 2540 1323 2584 ran.

189 2625 251 2686 324
263 2655 302 2676 =
316 2624 406 2704 340);
430 2629 486 2686 aut
509 2622 716 2708 cogitandum
740 2621 780 2685 dc
797 2624 954 2707 epionico,
978 2644 1074 2707 quem
1090 2622 1322 2708 Hephaestion

189 2726 312 2813 profert
334 2726 375 2790 ad
399 2726 518 2812 Eupol.
540 2727 578 2791 fr.
604 2728 784 2804 nau-292,
809 2726 990 2812 spondeum
1012 2728 1046 2790 in
1069 2726 1140 2812 pari
1170 2726 1248 2791 sede
1272 2727 1321 2791 di-

190 2834 290 2898 iambi
313 2834 584 2916 ita'admittente,
608 2842 644 2898 ut
667 2822 694 2898 ὦ
716 2830 872 2922 καλλίστη
896 2834 1027 2921 (Eupol.
1052 2834 1091 2898 fr.
1115 2833 1190 2917 290)
1308 2892 1325 2900 -

190 2938 231 3001 sit
253 2959 311 3022 pro
329 2936 483 3004 diiambo.
520 2938 584 3002 Pro
607 2982 840 3022 oooooooo
863 2940 972 3025 igitur,
999 2937 1084 3023 quod
1101 2938 1133 3000 in
1149 2936 1325 3002 Persarum

191 3041 324 3126 stropha
350 3044 637 3122 102‚3=108,3
660 3042 803 3128 positum
832 3050 897 3124 est,
928 3043 1017 3128 Oyol.
1043 3044 1105 3105 502
1136 3041 1231 3105 huius
1257 3041 1324 3104 lor-

190 3167 262 3209 mae
286 3145 357 3209 loco
381 3146 486 3230 possit
507 3147 615 3232 posita
638 3167 711 3210 esse
733 3147 837 3213 videri
859 3148 954 3211 haec:
978 3188 1221 3226 „„„„„„„„„
1257 3143 1323 3209 Sed

189 3249 327 3313 fortasse
357 3250 556 3334 paenultima
587 3250 755 3315 clausulae
784 3253 910 3336 syllaba
937 3272 996 3337 per
1027 3256 1122 3314 tenes
1152 3249 1324 3313 artificium

190 3352 346 3438 producta
370 3349 482 3437 erat.¹)

446 3464 546 3529 Hero.
570 3465 630 3529 fur.
655 3465 824 3530 uua-680
839 3497 878 3521 =
893 3469 1063 3537 692-694

511 3571 560 3641 ἔτι
581 3600 633 3641 τοι
656 3573 755 3662 γέρων
778 3569 892 3655 ἀοιδὸς

510 3679 640 3745 κελαδεῖ
663 3674 902 3763 Μναμοσύναν·

511 3779 559 3849 ἔτι
581 3778 642 3849 τὰν
658 3776 857 3869 Ἡρακλέους

192 4123 341 4205 quoniam
370 4127 403 4186 et
432 4123 462 4186 ci
485 4123 540 4206 qui
569 4122 770 4207 praecedunt
793 4127 826 4186 ct
850 4122 880 4185 oi
911 4122 965 4208 qui
997 4125 1176 4209 sequuntur
1207 4140 1323 4187 versus

191 4231 395 4246 w——l

189 4358 190 4363 η
263 4295 282 4359 ¹)
301 4293 401 4357 Christ,
420 4293 546 4348 Metrik²
565 4312 591 4365 p.
609 4294 668 4349 497,
