3038 5010
472 878 750 984 Sententiae
789 901 1132 982 controversae

189 1202 217 1263 1.
244 1199 412 1281 Aristoph.
438 1201 519 1264 llari.
536 1199 636 1284 18122
669 1203 769 1265 verba
803 1200 891 1264 inter
920 1219 1078 1280 personas
1109 1200 1156 1266 ita
1186 1200 1418 1266 distribuenda

242 1326 312 1372 esse
335 1315 428 1388 puto:

307 1420 360 1479 μὴ.
388 1415 475 1478 rvvrl
499 1413 533 1478 τί
556 1411 664 1489 ἔστιν,Ι
693 1417 751 1484 Ξα.
775 1415 889 1487 ‘rosam
917 1413 1024 1500 λίμνη.
1071 1419 1124 1480 At.
1149 1410 1187 1501 νὴ
1212 1412 1283 1479 Λία

390 1516 472 1607 αὕτη
495 1518 578 1584 'orie
603 1518 640 1606 ἦν
664 1518 798 1607 ἔφραζε,
821 1521 876 1586 καὶ
900 1517 1017 1585 πλοῖόν
1040 1517 1068 1604 y'
1091 1518 1168 1607 ὁρῶ.

346 1628 408 1711 (Cf.
435 1628 571 1710 Vahlen,
597 1628 762 1708 Opuseula
787 1628 995 1693 accaderniea
1018 1629 1036 1692 I
1058 1648 1089 1710 p.
1109 1629 1172 1694 282
1188 1627 1251 1713 sq.)

187 1790 216 1851 2.
242 1789 430 1854 Clraloidius
463 1788 497 1852 in
530 1788 679 1853 Platonis
712 1788 840 1853 Timaei
872 1787 1146 1869 interpretatione
1178 1787 1241 1873 (ed.
1262 1788 1414 1867 Wrobell

240 1903 371 1976 praeter
394 1897 513 1961 inultos
542 1895 626 1961 alios
650 1895 739 1960 loeos
764 1894 863 1960 etiarn
887 1915 917 1976 p.
937 1896 979 1961 28
1000 1897 1029 1959 Α
1061 1916 1081 1959 a
1106 1896 1256 1961 versione
1279 1894 1414 1962 (linero-

240 2002 340 2067 niana
365 2001 544 2083 paullulum
569 2002 707 2067 recessit
730 2002 877 2067 melioris
909 2003 1075 2068 clausulae
1100 2021 1215 2069 eausa:

319 2109 384 2176 otc.
421 2110 523 2175 Omne
547 2115 655 2175 autern
679 2112 765 2189 quod
788 2110 946 2192 gignitur,
973 2129 1013 2174 ex
1037 2109 1150 2190 aliqua
1173 2129 1274 2176 eausa
1298 2110 1413 2193 gigni

421 2236 579 2283 necesse
604 2222 671 2282 est..

273 2323 382 2388 (thale.
420 2323 522 2389 Omne
545 2332 654 2389 autem
676 2326 760 2403 quod
782 2324 941 2406 gignitur,
967 2344 1008 2389 ex
1024 2324 1137 2404 aliqua
1153 2342 1254 2390 eausa
1276 2326 1414 2390 neces-

420 2431 527 2496 sario
552 2431 741 2512 gignitur.

185 2591 214 2654 3.
240 2589 413 2655 Terentius
443 2592 543 2654 Andr.
571 2592 648 2672 268,
681 2592 818 2673 Adelph.
844 2592 908 2657 602
944 2592 1144 2673 singularem
1184 2591 1295 2657 dolore
1334 2590 1414 2675 (pro

241 2697 363 2777 plurali
381 2729 414 2751 =
431 2694 559 2776 ὠδῖνες)
584 2701 680 2765 metri
704 2719 804 2765 eausa
828 2698 994 2764 adhibuit:

290 2805 391 2870 Andr.
410 2806 474 2870 268
520 2808 668 2873 Laborat
693 2827 710 2872 e
735 2807 882 2888 dolore,
913 2812 1010 2886 atque
1038 2826 1078 2871 ex
1102 2808 1163 2872 hoc
1184 2805 1307 2871 misera
1321 2804 1416 2871 solli-

541 2913 552 2978 i
632 2921 671 2979 .t.
1142 2915 1143 2918 ’

254 3019 391 3100 Adelph.
410 3021 474 3085 602
520 2920 662 3086 {lineet
686 3022 737 3086 illi
768 3022 816 3086 ita
845 3021 988 3085 animum
1020 3022 1086 3086 iarn
1116 3019 1297 3101 relevabis,
1328 3037 1414 3100 quae

521 3128 653 3193 dolore
683 3148 722 3193 ae
745 3128 880 3194 miseria
903 3128 1053 3195 tabescit.
1101 3126 1165 3213 (of.
1190 3124 1329 3209 Adelph.
1346 3126 1413 3192 288

527 3244 560 3299 et
583 3235 672 3307 486.)

186 3393 792 3474 mmfflfflmuwm

406 3499 491 3588 ἡμᾶς
513 3499 541 3565 τ’
565 3499 712 3589 ὀτρύνεις
735 3499 853 3578 notitiis
877 3501 910 3567 ἐν
934 3499 1080 3590 πρώτοις
1103 3499 1199 3567 ἔπει.

238 3608 410 3690 legendum
435 3628 505 3675 esse
529 3616 616 3691 puto.
