3038 5010
644 427 866 494 ‚13-

165 624 279 692 media
308 625 418 691 forma
450 623 524 691 sola
549 627 787 712 προκαθέζομαι;
821 645 885 712 pro
918 623 973 690 illo
1005 645 1092 691 vero
1122 628 1342 713 προκαθίζονπα

165 732 315 799 scribam
336 752 413 797 curn
437 730 600 817 Rerglrm,
632 731 684 797 cui
709 730 809 797 etiam
836 729 987 798 editores
1015 729 1202 816 Anglicani
1226 753 1341 799 assen-

165 839 304 917 tiuntur,
329 841 528 927 προκαθίζειν,
554 839 647 924 quod
672 835 860 904 infinitivus
893 837 937 904 ad
962 858 1085 904 vocem
1120 839 1229 926 ἔκρινεν
1261 837 1341 906 mihi

164 967 245 1015 esse
269 945 470 1033 poscendus
492 944 638 1011 videtur.
686 944 766 1029 Qua
791 943 989 1011 coniectura
1013 943 1157 1032 insuper
1180 944 1341 1030 dactylus

164 1052 264 1142 pedis
295 1050 384 1119 tertii
408 1055 646 1140 aponubltovw
670 1057 851 1138 yavopa'vne,
876 1050 935 1138 qui
958 1063 1010 1118 est
1040 1051 1151 1120 minus
1183 1050 1340 1133 usitatuS,

165 1159 260 1248 quod
285 1170 410 1248 poetae
434 1157 567 1225 iambici
592 1158 744 1225 ultimam
776 1146 944 1245 syllabam
973 1157 1070 1225 vocis
1099 1158 1341 1247 polysyllabae

164 1266 232 1334 ictu
256 1278 438 1355 percutere
455 1287 523 1331 non
547 1265 704 1352 solent1),
730 1264 867 1335 tollitur.
914 1262 1034 1331 Verbo
1058 1270 1172 1332 aute'm
1201 1267 1341 1354 προκαθί-

165 1383 228 1448 ζειν
252 1395 285 1441 v.
310 1375 329 1445 l,
355 1370 568 1455 significatur
601 1372 692 1454 „sich
723 1393 831 1438 vornc
856 1370 1043 1453 hinsetzen,
1074 1371 1338 1460 vornelsitzen“

163 1501 212 1552 sc.
239 1481 282 1547 ad
307 1478 537 1546 iudicandum.

252 1591 285 1674 3)
309 1588 498 1674 παραθέμενοι
514 1587 549 1664 Γ,
574 1585 638 1651 iam
657 1585 786 1652 dudum
805 1584 838 1651 in
855 1589 1038 1675 περιθέμεναι
1059 1596 1255 1653 correctum
1274 1595 1338 1667 est,

164 1694 259 1781 quod
284 1694 431 1759 verbum
457 1691 714 1759 constructione
738 1696 814 1757 κατα
838 1696 960 1770 σιἰνεσιν,
994 1713 1084 1779 quae
1108 1705 1266 1773 vocatur,
1295 1690 1339 1759 sa·

164 1799 227 1868 cile
252 1799 568 1888 comprehenditur.

254 1905 369 1973 Nunc¹
388 1918 545 1973 extremo
570 1907 647 2004 locp
673 1907 715 1973 ad
741 1919 984 1992 argumentum
1009 1905 1095 1972 Pluti
1128 1905 1336 1979 accedimus,

379 2033 562 2095 θἸαντεθεται
585 2033 696 2105 δίκαιος
719 2033 759 2094 ὄιν
784 2056 831 2106 τις
854 2035 901 2095 καὶ
924 2038 1019 2118 πένης

378 2142 401 2202 εἰ
426 2137 602 2221 μεταβαλὼν
626 2140 753 2201 πλουτου
778 2148 875 2224 τυχεῖν
898 2141 1062 2225 θυνήσεται.

378 2249 502 2333 έχρησεν
528 2249 541 2307 ὁ
564 2247 638 2319 θεὸς
662 2248 895 2321 συνακολουθεῖν,
921 2245 999 2335 ᾧπερ
1025 2247 1058 2309 ἂν

376 2358 484 2441 πρώτῳ
508 2357 659 2441 περιτύχῃ,
707 2353 848 2427 Πλοῦτος
873 2359 1027 2418 ὀπτάνεται
1051 2357 1177 2443 τυφλός.

336 2482 349 2520 ο
379 2460 468 2544 χνοὺς
491 2459 515 2524 θ’
534 2461 621 2523 αὐτὸν
645 2460 730 2545 ἤκαχ’
756 2461 856 2546 οἴκαδ’,
882 2462 998 2536 ἄλλους
1021 2464 1157 2546 δημότας

376 2569 510 2640 καλέσας
535 2577 705 2652 μετασχεῖν·
732 2563 785 2630 εἶθ’
811 2568 922 2651 υχιάσαι
946 2571 1004 2642 τοὶς
1029 2573 1122 2657 κόρας

377 2676 529 2738 έσπευθον·
555 2677 600 2746 εἰς
618 2676 791 2758 Ἀσκληπιοῦ
815 2673 839 2738 θ’
858 2680 1016 2760 ἀπήχαχον.

375 2785 394 2866 ἡ
419 2781 443 2844 θ’
469 2779 668 2866 <ἀναφανεῖσ’>
692 2780 775 2867 ἄφνω
800 2781 890 2844 Πενία
913 2783 1067 2845 διεκώλυεν

376 2889 460 2970 ὅμως
484 2889 711 2972 ἀναβλέψαντος
736 2890 824 2951 αὐτοῦ
848 2896 907 2951 τῶν
931 2897 1027 2951 κακῶν

323 3018 347 3054 ιο
378 2997 473 3067 οὐθεὶς
498 2997 641 3067 ἐπλούτει,
667 3003 726 3057 τῶν
750 2996 774 3058 θ’
799 2997 917 3077 ἀχαθᾶιν
941 2996 978 3079 ἢν
1002 2997 1127 3078 τάγαθά.

250 3138 282 3224 4)
307 3140 385 3224 ἀνδρὶ
409 3141 550 3225 περιτύχῃ
575 3137 677 3206 codd.
719 3136 883 3202 Mendum
920 3137 1097 3203 metricum
1134 3135 1222 3203 inest
1257 3135 1336 3204 huic

161 3243 289 3310 versui.
338 3242 698 3323 Dindorfiumautem,
732 3243 789 3329 qui
820 3243 937 3311 scribit
968 3249 1047 3332 ἀνέρι
1078 3265 1143 3331 pro
1166 3246 1255 3331 ἀνδρί,
1290 3243 1335 3311 ob

161 3373 285 3418 causas
322 3372 429 3437 supra
465 3350 584 3416 allatas
619 3372 687 3416 non
721 3371 858 3436 sequar.
919 3351 965 3416 At
994 3349 1213 3436 Wagnerum
1247 3351 1336 3417 bene

160 3457 283 3524 fecisse
315 3457 483 3536 existim0,
517 3458 610 3542 quod
641 3479 706 3544 pro
738 3460 818 3545 ἀνδρί
850 3456 946 3545 ponit
976 3462 1083 3545 πριοπορ
1116 3468 1210 3524 ratus
1246 3478 1336 3524 voce

160 3565 195 3626 ἄν
229 3563 304 3652 ipsa
328 3565 553 3630 antecedente
579 3563 663 3629 facili
693 3585 813 3630 errore
842 3567 921 3652 ἀνθρί
944 3562 1018 3629 fieri
1043 3562 1208 3651 potuisse.
1255 3563 1334 3630 Par·

160 3670 298 3738 ticulam
323 3684 438 3738 autern
463 3674 494 3734 λε’
518 3681 598 3757 post
622 3671 772 3745 Πλοῦτος,
805 3693 894 3757 quae
920 3682 972 3737 est
996 3669 1119 3737 tradita
1143 3669 1175 3737 in
1201 3669 1242 3752 V,
1268 3670 1334 3738 iam

160 3776 417 3865 Hemsterhuys
442 3791 586 3865 propter
611 3790 755 3843 metrum
782 3777 918 3847 delevit.

248 3886 281 3971 8)
305 3884 395 3952 Huic
413 3883 530 3951 versui
547 3884 713 3951 lacunoso
732 3883 884 3951 Dindorf
896 3883 1063 3971 ἀναρανεῐσ’
1083 3883 1212 3966 indidit,
1230 3906 1334 3973 quam

160 3992 331 4060 medelam
364 3992 527 4079 optimam
560 3992 764 4078 comprobo,
820 3990 983 4057 Eiusdem
1018 4012 1143 4057 versus
1174 3991 1207 4058 in
1241 3991 1335 4058 exitu

160 4101 303 4166 tradunt
333 4099 408 4166 libri
439 4101 622 4175 διεκώλυσεν,
657 4098 751 4184 quod
784 4100 872 4164 bene
901 4098 934 4164 in
959 4101 1113 4162 θιεκιολυεν
1139 4108 1333 4165 correctum

251 4278 271 4345 ¹)
292 4279 326 4333 cs.
346 4278 463 4333 Christii
482 4278 587 4332 librum
608 4279 645 4331 de
666 4287 728 4332 arte
748 4276 870 4331 metrica
890 4278 961 4347 §74
981 4279 1046 4331 adn.
1066 4297 1091 4345 4.
