3038 5010
785 359 997 420 „20-

324 549 397 614 Hoc
419 550 490 614 loco
514 551 671 637 septimus
695 556 727 614 et
751 555 886 614 octavus
911 547 1062 633 strophae
1085 566 1200 611 versus

324 843 546 907 choriambum
578 843 726 907 iambicis
757 843 896 929 dipodiis
926 842 1106 907 admixtum
1130 844 1311 913 continent:
1343 864 1458 907 versus

324 946 477 1032 strophae
501 947 597 1010 vicini
621 949 733 1032 generi
769 947 1015 1012 ascendentium
1044 952 1119 1010 sunt
1141 946 1349 1013 attribuendi.

409 1067 473 1131 Hic
508 1074 678 1153 praeterea
712 1069 832 1132 mentio
865 1067 1016 1132 habenda
1052 1073 1102 1132 cst
1134 1067 1307 1152 fragmenti
1343 1068 1459 1151 tragici

324 1170 491 1234 cuiusdam
516 1176 631 1257 potitae

643 1296 681 1359 fr.
706 1293 820 1380 adesp.
847 1298 906 1358 149
931 1294 981 1359 ed.
1004 1293 1137 1357 Nauck:

520 1400 561 1471 ct*
579 1403 765 1492 Κυθερείας
787 1397 947 1471 drrcnvcic'
975 1397 1068 1491 ίίργια
1091 1401 1285 1469 λευκωλένου

323 1631 432 1695 Facile
445 1630 575 1714 quidem
590 1630 736 1694 accidere
749 1631 864 1716 potuit,
876 1635 912 1692 ut
924 1652 962 1693 ov
976 1628 1201 1714 diphthongus
1210 1635 1284 1693 ante
1299 1629 1459 1714 syllabam

322 1737 427 1800 vocali
451 1736 661 1821 incipientem
685 1735 909 1820 corriperetur.
954 1733 1152 1797 Manendum
1176 1740 1286 1798 tamen
1316 1740 1368 1798 est
1399 1735 1459 1798 hoc

324 1839 541 1924 fragmentum
565 1840 605 1902 ab
623 1837 869 1923 Hephaestione
894 1859 923 1922 p.
942 1841 982 1901 30
1005 1838 1043 1901 iis
1068 1838 1210 1914 attribui,
1235 1857 1317 1921 quae
1337 1839 1458 1902 cretico

323 1942 486 2015 finiantur,
509 1947 545 2004 ut
569 1942 694 2004 illum-
710 2000 727 2012 ,
742 1997 760 2002 -
777 1941 809 2003 in
833 1941 896 2003 fine
922 1941 1039 2024 legisse
1056 1940 1262 2002 manifestum
1281 1942 1331 2005 sit.
1367 1941 1459 2005 ldcm

323 2044 540 2129 fragmentum
577 2067 596 2107 a
626 2045 768 2129 Bergkio
802 2047 834 2108 iu
866 2046 1041 2108 editionem
1078 2053 1247 2130 poetarum
1282 2049 1458 2133 lyricorum

325 2146 522 2211 Graecorum
547 2147 599 2210 ΙΙΙ
622 2169 653 2232 p.
673 2150 732 2210 708
757 2148 795 2212 fr.
813 2147 924 2233 adesp.
944 2151 980 2211 71
1008 2155 1174 2234 receptum
1199 2158 1259 2214 est.
1303 2151 1459 2214 Fortasse

324 2251 499 2314 choriambi
523 2250 762 2314 descendentes
786 2253 812 2333 (,
832 2309 850 2322 ,
864 2311 881 2322 ,
901 2293 913 2322 ιΔ
931 2275 989 2338 pro
1014 2299 1024 2322 ,ς
1039 2312 1056 2324 ,
1073 2294 1090 2325 2
1103 2253 1137 2337 )
1159 2254 1358 2337 agnoscendi
1384 2260 1460 2318 sunt

323 2354 513 2418 catalectice
537 2355 568 2416 in
595 2400 606 2423 ,,
624 2395 669 2424 ,«
703 2354 774 2440 (pro
831 2414 847 2425 ,
869 2357 927 2440 )
951 2356 1116 2423 cadentes,

409 2578 505 2642 Haud
534 2581 628 2643 aliter
655 2600 752 2663 quam
780 2579 896 2664 tragici
923 2587 1040 2665 poetae
1063 2602 1164 2645 conici
1193 2582 1381 2645 choriambo
1406 2583 1458 2645 usi

324 2683 446 2744 suntin
464 2683 617 2747 variando
642 2683 799 2757 diiambo;
823 2685 926 2747 rarius
951 2684 981 2746 in
1000 2685 1148 2748 iambicis
1169 2685 1310 2770 strophis
1328 2693 1461 2771 praeter

323 2786 447 2849 iambos
462 2809 561 2851 unum
580 2788 799 2853 choriambum
816 2787 858 2851 ad
878 2789 1065 2852 variandum
1084 2789 1258 2852 iambicum
1276 2788 1460 2874 rhythmum

324 2888 550 2957 adhibuerunt.
588 2892 755 2976 Inprimis
779 2894 885 2978 poetis
909 2894 1041 2971 veteris,
1065 2915 1160 2978 quam
1185 2893 1305 2967 dicunt,
1330 2915 1459 2959 comoe-

324 2993 396 3056 diae
420 2994 637 3060 namuurum
661 3002 720 3077 est,
744 2999 798 3081 qui
821 2998 859 3060 fr.
884 3000 902 3062 3
926 2998 1008 3062 haec
1031 2999 1191 3082 proicrt1)

614 3128 690 3200 Eb‘ce
712 3130 892 3218 atuooyuir'
919 3130 1009 3217 ίίναξ,
1033 3140 1134 3224 χαῖρε,

326 3345 380 3409 ubi
403 3347 549 3430 syllabae
572 3405 622 3418 ν-
647 3349 679 3411 in
704 3351 766 3414 line
794 3351 1001 3415 desideratae
1025 3350 1120 3414 facile
1144 3353 1347 3438 supplentur.
1388 3352 1461 3417 Hoc

324 3450 507 3532 fragmento
531 3473 609 3515 usus
634 3459 684 3516 est
708 3453 859 3517 Cratinus
884 3456 922 3520 fr.
946 3458 1039 3518 ersa
1060 3455 1109 3518 ed.
1134 3455 1237 3521 Koch.

413 3573 507 3636 Haud
525 3576 625 3639 multo
647 3583 720 3661 post
736 3576 975 3662 Euphantidem
993 3576 1152 3642 Oaarrnnn
1169 3578 1291 3641 vixisse
1307 3577 1460 3641 traditum

327 3682 386 3748 ost
411 3678 502 3740 cuius
526 3678 564 3742 fr.
589 3683 608 3742 9
631 3681 876 3745 memorandum
900 3688 962 3744 cst:

517 3807 692 3898 ὠμολίνοις
713 3812 797 3904 κόμη
820 3809 962 3903 βρύουᾶ,
986 3809 1122 3900 ἀτιμίας
1144 3814 1253 3896 πλέως

327 4038 368 4101 de
388 4040 579 4125 supplendis
602 4042 735 4127 syllabis
752 4101 770 4113 ,
785 4100 803 4107 -
821 4042 883 4107 vid.
896 4041 1057 4129 Ecphant.
1074 4043 1112 4109 fr.
1129 4046 1147 4105 3
1165 4065 1263 4129 supra
1284 4043 1461 4108 laudatum.

399 4233 418 4296 ¹)
436 4229 586 4298 Hephaest.
614 4249 639 4299 p.
659 4232 699 4284 55.
742 4230 831 4294 Koch,
859 4231 957 4297 fragm.
986 4249 1055 4286 eom.
1082 4234 1134 4285 att.
1163 4251 1188 4301 p.
1209 4233 1249 4286 10.
1292 4231 1462 4300 Bernhardy,

328 4316 498 4383 griechische
516 4317 831 4386 Litlcraturgrsrhichtc
849 4318 899 4369 ll²
918 4336 943 4386 p.
963 4320 1022 4370 clo.
