3038 5010
630 442 849 507 ,40-

152 627 366 704 postremum
385 638 464 683 esse
482 615 646 704 scriptum
671 616 897 683 certissimum
922 615 974 687 sit.
1023 614 1159 700 Quibus
1184 615 1227 681 de
1251 636 1327 682 cau·

153 723 199 788 sis
218 721 337 789 Blassii
356 734 390 789 et
407 722 576 809 louguetii
593 722 797 791 sententiam
815 745 895 790 esse
912 723 1132 789 refellendam
1159 721 1325 793 existimo

154 828 296 897 Certum
325 851 403 896 esse
428 830 508 896 mihi
533 832 669 896 videtur
693 829 768 896 illos
794 831 963 916 prologos
988 852 1055 896 non
1082 830 1189 896 multo
1213 843 1326 916 poste·

152 936 262 1003 riores
287 959 366 1004 esse
390 949 486 1004 textu
511 939 650 1004 cbartae
676 939 854 1005 adversae.

242 1043 313 1111 Sed
340 1043 507 1132 reliquum
535 1058 596 1125 est,
626 1058 663 1110 ut
688 1066 907 1130 quaeramus,
934 1066 1023 1132 quae
1048 1065 1104 1111 res
1128 1043 1191 1110 illis
1215 1043 1326 1132 prolo-

153 1150 207 1236 gis
237 1151 477 1217 contineantur
501 1164 534 1216 et
558 1173 627 1238 quo
654 1164 763 1218 metro
790 1166 1052 1239 componantur.
1100 1142 1154 1218 Ac
1179 1151 1326 1239 primum

154 1256 291 1343 quidem
327 1258 370 1324 de
402 1257 551 1345 prologo
582 1257 693 1345 primo
719 1280 876 1344 agamus.
925 1257 1022 1336 Eros,
1056 1257 1145 1324 filius
1171 1256 1326 1338 Veneris,

153 1365 339 1451 prologum
374 1364 600 1452 pronuntians
631 1363 791 1447 fingitur:
839 1363 887 1433 Se
921 1365 1059 1432 venisse
1097 1366 1139 1430 ad
1177 1364 1326 1431 fabulam

152 1472 387 1551 nuntiandam,
420 1494 509 1557 quae
542 1471 689 1557 antiquis
721 1472 935 1560 temporibus
967 1474 997 1538 in
1024 1472 1119 1538 Ionia
1153 1471 1195 1537 sit
1218 1472 1325 1550 lacta;
1425 1534 1441 1555 χ

152 1575 312 1643 iuvenem
323 1577 461 1643 divitem
477 1600 596 1644 amore
611 1577 787 1645 inductum
802 1579 949 1667 puellam
959 1578 1185 1645 Troezeniam
1201 1577 1327 1645 emisse

152 1697 185 1749 et
203 1683 235 1749 in
253 1684 504 1750 matrimonium
525 1684 678 1758 duxisse,
705 1699 889 1773 postquam
911 1684 984 1773 ipse
1009 1685 1093 1753 civis
1108 1684 1326 1752 Troezenius

152 1791 262 1858 factus
294 1793 345 1861 sit.
394 1792 465 1860 Sed
495 1793 580 1859 haec
605 1793 703 1859 exilis
728 1791 878 1859 narratio
904 1805 972 1860 tam
998 1794 1148 1860 absurde
1173 1804 1227 1859 est
1250 1814 1326 1879 por·

153 1910 257 1979 recta,
283 1912 319 1964 ut
337 1899 450 1965 omnia
469 1900 576 1966 verba
594 1899 864 1985 uniuscuiusque
882 1922 1005 1967 versus
1031 1922 1169 1988 semper
1194 1898 1327 1965 ratione

153 2005 409 2091 retrogradam
427 2028 532 2072 versu
552 2006 711 2095 sequenti
735 2020 945 2095 repetantur.
993 1991 1131 2092 Quibus
1156 2008 1199 2072 de
1222 2005 1327 2072 versi-

154 2115 218 2180 bus
234 2113 439 2199 anacyclicis
453 2113 509 2201 qui
528 2114 687 2181 dicuntur
711 2113 742 2180 in
768 2114 935 2203 epimetro
961 2115 1061 2182 huius
1087 2112 1325 2181 commentarii

153 2218 350 2307 disputabo,
399 2220 482 2288 lllud
508 2220 686 2288 artificium
712 2244 814 2289 nemo
840 2222 978 2308 assequi
1003 2233 1128 2310 potest,
1154 2221 1234 2310 quin
1260 2221 1325 2288 elo·

153 2327 290 2394 cutione
321 2327 464 2416 simplici
497 2351 536 2395 ac
561 2351 671 2416 paene
695 2328 814 2416 puerili
839 2340 962 2395 utatur.
1012 2329 1090 2395 Non
1116 2351 1197 2396 casu
1222 2327 1327 2410 igitur

153 2432 199 2515 fit,
235 2436 329 2521 quod
361 2458 477 2501 sermo
511 2436 649 2524 prologi
682 2434 803 2502 mirum
836 2435 868 2502 in
894 2435 1035 2502 modum
1063 2434 1223 2522 congruit
1247 2458 1324 2502 cum

153 2540 314 2607 versibus
335 2542 551 2629 quibusdam,
577 2564 667 2630 quos
686 2555 806 2608 auctor
824 2543 866 2608 ad
886 2541 1097 2608 Herennium
1116 2542 1158 2607 ad
1178 2564 1324 2630 pravum

153 2648 357 2715 narrationis
384 2671 514 2714 morem
540 2647 775 2715 illustrandum
802 2649 933 2736 profert
958 2647 979 2729 l,
1004 2670 1035 2734 9,
1064 2670 1119 2736 14:

305 2754 472 2836 „Athenis
499 2754 678 2840 Megaram
705 2755 841 2843 vesperi
867 2755 1007 2821 advenit
1031 2754 1139 2823 Simo.

305 2860 371 2929 Ubi
395 2861 535 2927 advenit
559 2861 749 2948 Megaram,
774 2862 914 2930 insidias
938 2861 1015 2928 fecit
1042 2862 1175 2950 virgini.

305 2969 448 3036 Insidias
473 2983 657 3058 postquam
684 2969 771 3047 fecit,
797 2971 864 3036 vim
891 2970 922 3035 in
949 2971 1026 3036 loco
1051 2969 1191 3036 attulit.“

241 3075 317 3142 Hos
335 3098 460 3142 versus
474 3099 517 3142 ex
535 3077 737 3143 comoediae
755 3089 961 3159 argumento
979 3090 1139 3164 sumptos
1156 3099 1233 3143 esse
1257 3076 1322 3143 iam

151 3181 335 3249 Eduardus
360 3181 505 3249 Norden
532 3183 673 3270 (Antike
702 3183 921 3271 Kunstprosa
948 3183 970 3263 l,
997 3207 1028 3271 p.
1054 3205 1096 3271 37
1122 3184 1214 3271 adn.)
1238 3183 1324 3250 felici

151 3289 307 3355 acumine
332 3289 527 3376 suspicatus
560 3302 622 3362 est.
671 3289 850 3376 Cognovit
875 3290 963 3356 idem
989 3289 1131 3356 initiales
1158 3311 1321 3356 versuum

150 3396 279 3463 litteras
311 3396 475 3462 exhibere
507 3398 659 3485 syllabas
685 3398 776 3478 Avi,
811 3396 856 3463 ita
886 3409 924 3463 ut
955 3397 1090 3463 fabulae
1121 3396 1238 3465 titulus
1262 3419 1325 3485 per

151 3502 414 3569 acrostichidem
451 3525 639 3590 expressus
673 3503 835 3570 Aviarius
869 3503 952 3589 fingi
986 3507 1150 3591 posset1).
1207 3503 1323 3571 Primo

151 3631 179 3675 a.
195 3608 279 3675 Chr.
294 3632 323 3674 n.
342 3610 482 3675 saeculo
499 3609 620 3676 fabulis
638 3610 806 3676 Romanis
824 3622 1029 3696 argumenta
1047 3608 1188 3675 metrica
1212 3632 1324 3697 eaque

150 3714 344 3782 acrosticha
375 3715 564 3803 praemissa
589 3739 667 3783 esse
692 3716 757 3782 iam
782 3739 885 3783 nemo
911 3716 1098 3786 mirabitur.

239 3822 337 3889 Lusit
370 3837 483 3889 autem
517 3837 637 3890 auctor
668 3824 806 3912 prologi
830 3823 957 3890 Graeci
990 3826 1020 3890 in
1052 3824 1147 3891 sonis
1173 3845 1323 3912 quoque,

150 3952 226 3996 nam
253 3932 423 4011 consult0,
453 3930 481 3997 si
508 3932 587 4018 quid
614 3931 728 4008 vide0,
760 3931 790 3997 in
817 3954 849 3999 v.
873 3933 895 3996 8
918 3932 1046 3999 similes
1070 3932 1222 4017 syllabas
1247 3954 1324 3998 con·

149 4037 308 4103 tinuavit:
334 4039 512 4127 Τροιζηνίαν
536 4044 602 4103 νέαν
627 4044 788 4112 νεανίσκος.

149 4149 361 4156 ——

240 4184 261 4250 ¹)
281 4182 314 4235 cf.
329 4182 474 4236 Anaxilae
495 4180 688 4253 Ὀρνεῦοκόμους
708 4182 750 4249 (C.
765 4183 800 4237 Α,
816 4182 847 4236 F.
862 4182 952 4254 11272
964 4182 1001 4249 Κ)
1022 4192 1050 4236 et
1069 4181 1226 4237 Nicostrati
1241 4181 1322 4255 ‘Opu-

150 4268 249 4342 deatrjv.
