3038 5010
590 444 810 509 ,14-

112 616 209 703 quod
241 616 386 683 verbum
412 638 432 681 e
457 596 636 682 comoedia
669 616 742 704 ipsa
766 616 1051 703 petitum'sensui
1076 617 1289 706 aptissimum

112 734 176 804 est,
201 734 349 789 metrum
375 734 427 790 est
457 734 627 789 sanatum.
675 721 820 790 Nauckii
845 735 958 790 autern
992 723 1199 806 coniectura,
1231 724 1289 813 qui

113 829 237 896 suadet
260 829 279 900 l.
306 852 345 911 c.,
378 840 415 895 ut
446 829 477 895 in
510 828 672 896 versibus
694 829 717 894 8
741 843 819 917 et9
851 829 1067 917 corrigendis
1102 830 1288 899 scribatur:

326 967 362 1050 ἢν
387 965 535 1027 ἱκέτευσαν
559 966 584 1027 υἱ
608 962 671 1027 κατ’
698 963 809 1052 ἀηρυὺς
833 966 974 1028 ἀνάπαλιν

326 1079 423 1159 πορεῖν
446 1071 480 1133 τὸ
505 1072 629 1154 μέλλυν·
654 1073 673 1157 ἡ
698 1070 722 1135 δ’
749 1074 883 1136 ἐπένευσε
906 1072 953 1135 καὶ
977 1077 1045 1135 τότε

113 1204 213 1272 nimis
247 1206 289 1272 ad
323 1205 495 1274 libidinem
525 1229 604 1274 esse
628 1206 708 1274 ficta
733 1205 812 1272 mihi
838 1205 982 1275 videtur.
1031 1205 1218 1274 Praeterea
1241 1205 1288 1274 lit·

113 1311 195 1379 teris
226 1338 260 1402 ηρ
292 1313 423 1380 vocalis
455 1315 664 1381 antecedens
697 1312 815 1381 brevis
847 1312 992 1401 produci
1017 1334 1086 1380 non
1110 1312 1200 1381 solet
1223 1312 1288 1381 nisi

113 1419 204 1506 apud
222 1431 344 1507 poetas
362 1420 490 1508 epicos.
538 1421 633 1509 Ergo
651 1421 717 1488 ianr
739 1420 826 1488 illarn
853 1421 898 1486 ob
924 1440 1063 1486 causam
1090 1420 1287 1488 coniectura

112 1524 258 1592 Nauckii
283 1526 420 1594 corruit.

200 1633 234 1718 9)
257 1634 291 1696 τὸ
316 1636 373 1717 μέλ
397 1636 451 1717 βαδ
476 1637 626 1699 ἐπένευσε·
652 1637 699 1700 καὶ
722 1640 791 1699 τότε
807 1634 848 1703 V.
897 1633 1032 1701 Versus
1044 1635 1158 1702 sanari
1171 1645 1288 1723 potest

112 1738 179 1806 hoc
200 1739 272 1806 fere
296 1741 418 1807 modo:

348 1876 380 1938 τὸ
405 1875 457 1958 μέν
483 1876 574 1960 βάδην
599 1877 701 1951 αὐτοῖς
725 1879 874 1940 ἐπένευσε·
899 1878 946 1940 καὶ
969 1881 1037 1939 τότε

112 2006 314 2095 praesertim
346 2030 422 2074 curn
452 2007 485 2073 in
515 2010 721 2096 apographo
746 2010 876 2077 codicis
901 2008 932 2074 V
957 2007 1056 2089 (Ven.
1082 2010 1160 2097 475)
1185 2006 1286 2076 huius

112 2135 238 2180 versus
255 2126 416 2181 servetur
433 2117 466 2179 τὸ
484 2116 535 2199 μέν
559 2138 624 2204 pro
642 2119 674 2180 τὸ
692 2118 757 2199 μελ,
807 2115 960 2183 Verbum
987 2115 1075 2183 enim
1102 2117 1194 2201 βάδην
1215 2138 1247 2186 v.
1264 2116 1284 2183 l.

113 2218 263 2303 „Schritt
294 2219 348 2287 fur
380 2220 542 2303 Schritt“,
573 2221 695 2289 Latino
727 2244 889 2290 sermone
922 2220 1111 2306 „gradatim
1144 2223 1199 2289 vel
1229 2244 1286 2311 pe·

112 2327 295 2415 demptim“
321 2326 364 2393 ab
382 2327 628 2415 Aristophane,
655 2343 690 2395 ut
707 2330 901 2417 exemplum
928 2329 1081 2411 afferam,
1106 2327 1161 2396 illa
1184 2328 1286 2417 signi·

111 2433 271 2501 ficatione
291 2434 522 2520 „allmahlicffl
542 2435 729 2502 adhibitum
749 2435 846 2502 estin
862 2432 1139 2503 Acharnensium
1157 2457 1190 2505 v.
1203 2457 1285 2526 535:

317 2562 452 2625 ἐντεῦθεν
477 2564 502 2624 υἱ
525 2562 681 2649 Μεγαρῆς,
706 2563 755 2626 ὅτε
778 2565 814 2649 δη
838 2562 954 2627 ’κείνων
979 2564 1071 2648 βάδην

111 2704 165 2770 vel
191 2703 222 2769 in
248 2702 462 2790 Lysistratae
488 2726 521 2769 v.
545 2724 620 2791 254.

200 2811 318 2898 Atque
351 2809 450 2876 etiam
484 2810 549 2877 hoc
583 2811 661 2877 loco
694 2813 786 2897 βάδην
816 2813 904 2878 bene
935 2811 1053 2879 sensui
1076 2811 1211 2879 fabulae
1235 2833 1285 2880 re·

111 2919 287 3005 spondere
311 2917 392 2984 mihi
418 2918 563 3000 videtur,
598 2919 690 3007 quod
716 2919 890 2987 Mercurio
915 2920 1076 3008 paulatim
1102 2918 1285 3006 gradatim-

113 3047 180 3113 que
204 3048 223 3092 a
247 3025 416 3113 Trygaeo
449 3025 681 3113 agricolisque
706 3027 951 3114 persuadetur;
985 3026 1025 3093 cf.
1051 3048 1083 3093 v.
1107 3026 1283 3115 362-427

111 3130 255 3199 fabulae.

202 3242 256 3324 10)
281 3245 436 3325 ἀπάηυυσιν
461 3238 491 3304 V
501 3263 508 3319 ;
546 3245 695 3324 ἀνάηυυσιν
727 3239 855 3319 scribo,
887 3240 981 3327 quod
1015 3239 1135 3306 melius
1166 3238 1284 3307 sensui

112 3349 309 3436 respondet.
754 3332 755 3336 Ἰ

200 3560 301 3628 Nunc
333 3563 496 3630 nonnulla
525 3562 702 3628 afferenda
733 3575 813 3628 sunt
842 3563 885 3628 de
911 3562 1038 3629 Avium
1065 3570 1282 3647 argumento,

326 3726 377 3786 Aut
400 3728 459 3798 τάς
482 3726 566 3796 δίκας
590 3726 741 3811 ρεύηυυσιν
761 3726 902 3809 Ἀθήνας
924 3725 974 3786 δύο
999 3725 1087 3796 τινές,

324 3830 350 3893 αἳ
371 3834 447 3919 πρὸς
471 3832 520 3894 τὸν
545 3834 637 3895 ἐπυπα
661 3833 711 3894 τὸν
735 3833 892 3913 λεηάμενυν
917 3830 1018 3918 Τηρέα

324 3939 469 4011 ἐλθόντες
492 3942 618 4025 η’ρωτων
643 3943 835 4025 ἀπραγμόνων
860 3939 952 4006 πόλιν,

323 4040 367 4118 εἷς
390 4044 414 4107 δ’
440 4045 519 4132 δ’ρνιτ,
543 4047 624 4107 έπυπι
649 4043 806 4131 συμπαρὼν
830 4047 905 4127 μετὰ
928 4046 1068 4108 πλειόνων

283 4174 295 4212 ι
323 4158 441 4237 πτηνων
465 4154 588 4216 διδάσκει
611 4154 639 4214 τί
661 4151 759 4214 δύνατ’
784 4154 907 4238 ὀρνίθων
931 4156 1028 4236 γένος,

322 4261 369 4323 καὶ
392 4269 460 4334 πως
484 4261 588 4345 ἐάνπερ
612 4261 687 4322 κατά
711 4263 798 4340 μέσαν
822 4260 872 4321 τὸν
896 4263 967 4346 ἀέρα
