3038 5010
656 332 866 393 -37-

285 522 410 586 Eadem
440 522 551 586 valent
580 521 620 584 de
649 521 804 584 Pueroms
832 518 1022 602 fragmentis
1050 521 1118 581 154.
1143 520 1220 595 211,
1248 536 1331 600 quae

192 630 262 692 nisi
286 627 473 693 coniectura
496 626 639 689 admissa
661 624 725 688 huc
748 645 813 687 non
835 623 1015 708 pertinent:

698 746 737 809 fr.
763 749 824 808 154

378 853 401 950 ἢ
419 851 453 939 ξ
470 851 704 944 Λρκαδιας
672 853 757 924 οὕτω
780 847 1015 942 δριμυτάτην’
1000 851 1150 941 ορίγακοκ

195 1033 287 1117 quod
310 1032 442 1096 tolerari
464 1054 528 1096 non
551 1054 594 1118 po
598 1037 672 1097 6666
650 1030 941 1096 tMeinekius
933 1051 967 1093 m
998 1029 1138 1092 editione
1167 1029 1332 1113 fragmen-

195 1141 303 1198 torum
340 1136 536 1200 comicorum
571 1134 771 1199 Gracoorum
801 1133 835 1197 ll
867 1156 898 1218 p.
921 1135 983 1196 666
1010 1132 1093 1197 6666
1125 1133 1216 1216 legit:
1255 1125 1277 1219 ἢ
1300 1124 1334 1211 ’ξ

189 1230 372 1321 Ἀρκαδίας
410 1262 463 1303 τοι
502 1229 752 1324 δριμυτάτην’
737 1233 887 1322 ορίγανον
925 1243 1022 1322 atque
1062 1236 1143 1301 6666
1184 1235 1332 1299 adnotta:

196 1343 411 1423 „Athenaeus
428 1342 462 1405 ll
477 1365 507 1429 p.
525 1344 565 1407 68
580 1364 611 1407 c:
635 1341 787 1428 θηλυκῶς
809 1337 881 1429 (τὴν
902 1333 1052 1425 ὀρίγανον
1071 1337 1169 1424 λέγει)
1194 1334 1334 1404 Πλάτων

195 1440 218 1535 ἢ
239 1440 418 1532 Κάνθαρος
425 1440 478 1510 Ἢ
492 1444 527 1525 ἐξ
541 1438 718 1530 Ἀρκαδίας
733 1439 818 1510 otho
836 1438 1034 1531 δριμαιάτηκ
1053 1439 1213 1529 ὀρίγανον.
1253 1443 1333 1507 Gor-

197 1551 285 1615 rexit
297 1549 462 1614 Porsonus
480 1553 564 1615 etc.“
602 1550 706 1615 Recte
728 1548 859 1634 quidem
875 1549 1040 1613 Porsonus
1057 1543 1141 1613 otho
1157 1554 1230 1635 post
1243 1543 1335 1612 Κάν-

195 1659 304 1740 θαρος
326 1653 540 1741 transposuit,
570 1654 629 1720 sed
652 1675 757 1739 nequo
788 1676 856 1734 τοι,
886 1652 972 1740 quod
994 1654 1160 1717 Persouus
1194 1675 1332 1739 eumque

197 1764 331 1823 secutus
361 1758 561 1837 Meinckius,
600 1779 705 1842 neque
738 1758 786 1836 ου’,
822 1757 908 1842 quod
937 1756 1085 1822 Kockius
1114 1757 1229 1842 fragm.
1252 1778 1334 1821 com.

198 1862 289 1927 attio.
312 1860 328 1923 l
351 1883 381 1947 p.
406 1865 464 1925 641
491 1867 567 1947 post
588 1856 764 1945 Ἀρκαδίας
792 1859 1053 1946 interpolandum
1085 1882 1158 1924 esse
1189 1866 1334 1940 consent,

198 1987 282 2052 opus
306 1973 366 2045 666,
391 1966 466 2051 quia
488 1965 609 2029 iustum
634 1965 767 2029 schema
789 1965 959 2028 metricum
982 1964 1090 2029 verbis
1107 1965 1152 2027 ita
1168 1963 1333 2049 dispositis

202 2068 343 2133 efficitur

430 2166 455 2326 [ἢ
476 2170 505 2250 ³5
521 2167 702 2326 ]Ἆθκαδῖας
725 2167 922 2259 delmaticae
945 2167 1104 2287 ὀρίγανον.

670 2379 722 2442 Ad
743 2380 781 2445 fr.
806 2382 865 2442 211

321 2484 471 2555 ὅτιδ’”
449 2515 487 2555 αν
509 2483 529 2578 ἡ
554 2485 729 2576 συβώτρια,
751 2490 832 2578 μηδ
855 2488 966 2580 ἀγαθὴ
991 2487 1114 2577 γένοιτό
1137 2516 1204 2575 μοι.

327 2587 391 2673 ἔχει
414 2591 449 2657 δὲ
471 2588 570 2676 μόνον
593 2589 771 2672 δακτύλους
793 2588 995 2680 αδλητικοίς.

196 2834 345 2899 Kookius
362 2835 476 2919 fragm.
498 2840 651 2901 comtta
668 2833 737 2921 lp
755 2838 816 2899 659
840 2835 921 2900 6666
944 2835 1093 2900 adnot:
1140 2843 1335 2900 etmetrum

196 2946 232 3004 et
255 2939 385 3003 verba
376 2944 482 3002 moer
484 2959 503 3001 6
525 2943 609 3003 sunt.
587 2938 762 3023 tltaque
786 2960 917 3002 manum
935 2940 1018 3003 6666
996 2945 1099 3003 tmere
1123 2946 1174 3003 666
1176 2940 1226 3003 ius
1243 2940 1333 3004 vide-

198 3051 262 3126 tur,
287 3066 480 3130 quamquam
503 3046 646 3131 proclive
670 3052 719 3109 est
707 3046 885 3110 tscribcrc

354 3159 506 3256 οὖτιδακὴ
530 3160 704 3252 copulamur,
728 3163 809 3252 μηδ’
833 3161 945 3254 ἀγαθὴ
970 3160 1094 3250 γένοιτό
1117 3189 1185 3248 μοι.

357 3263 420 3349 ἔχει
444 3266 480 3333 δὲ
502 3264 612 3358 φωνὴν
635 3264 813 3348 δακτύλους
834 3268 863 3334 τ’
888 3263 1109 3356 αὐλητικούς.“

196 3405 241 3446 ex
266 3383 382 3467 quibus
406 3380 514 3446 verbis
538 3382 597 3446 hos
621 3383 798 3448 versiculos
823 3383 953 3448 efficere
978 3383 1099 3468 possis:

283 3981 388 4045 Venio
412 4003 496 4045 nunc
518 3982 559 4045 ad
584 4002 639 4045 666
666 3984 815 4068 strophas
838 3983 1110 4067 stropharumque
1137 3982 1330 4067 fragmenta,

194 4089 229 4151 iu
261 4085 376 4169 quihus
407 4092 537 4172 praeter
565 4085 787 4149 choriambum
815 4092 890 4152 tone
922 4087 972 4150 usi
1004 4094 1078 4150 sunt
1108 4093 1240 4171 poetae,
1272 4109 1331 4172 per

194 4210 292 4275 quam
317 4187 441 4274 μακραὶ
470 4184 623 4274 τρίσρμοι
647 4190 692 4252 ita
720 4190 916 4270 efficiuntur,
947 4196 983 4253 ut
1014 4189 1195 4254 huiusmodi
1218 4211 1329 4255 versus

194 4299 229 4358 66
253 4291 370 4356 iambis
395 4299 427 4357 66
446 4292 609 4356 trochaeis
626 4294 797 4379 compositi
814 4315 885 4357 esse
903 4295 1006 4378 prima
1023 4294 1131 4380 specie
1150 4294 1328 4358 videantur.
