3038 5010
655 255 867 318 ..83-

281 439 376 506 Nunc
393 463 450 508 eas
467 444 618 529 strophas
634 465 898 531 percenseamus,
920 446 955 510 in
971 444 1088 529 quibus
1104 452 1161 510 aut
1176 445 1329 510 liberiore

197 545 292 609 modo
314 546 412 610 ionici
434 569 549 612 versus
565 554 599 613 et
615 549 827 613 choriambici
842 549 937 613 mixti
953 555 1028 612 sunt
1045 555 1101 613 aut
1116 549 1213 613 alicui
1234 550 1328 613 mixti

198 671 270 715 esse
295 650 532 736 quodammodo
556 653 658 719 videri
681 655 822 741 possint;
844 654 961 739 quibus
984 675 1042 719 eas
1065 653 1222 718 addemus
1246 660 1328 717 stro-

196 755 289 840 phas,
316 764 400 841 quae
424 758 465 822 ob
489 759 570 823 alias
594 753 751 844 quasdam
774 759 924 825 licentias
948 760 1094 844 insignes
1118 767 1206 824 sunt:

541 895 779 982 Thesmophor.
803 899 973 961 352-357

343 1007 417 1071 XO.
445 1001 688 1090 ξυνευχόμεσθα
710 1005 804 1073 τέλεα
825 1006 885 1092 μὲν

444 1104 551 1190 πόλει,
574 1106 667 1178 τέλεα
690 1109 727 1176 δὲ
748 1106 844 1200 δήμῳ

444 1207 518 1279 τάδ’
543 1207 680 1300 εἶν’γματ’
707 1212 907 1300 ἐκγενέσθαι.

443 1311 484 1381 τὰ
507 1310 539 1382 ‹l‘
564 1311 675 1405 ἄρισθ’
703 1313 797 1397 ὅσαις
819 1313 979 1407 προσήκει

444 1426 536 1491 νικᾶν
558 1421 728 1511 λεγούσας·
751 1422 876 1493 ὁπόσαι
900 1420 931 1492 ὁ)

444 1523 655 1609 ἐξαπατῶσιν
677 1525 925 1618 παραβαίνουσί
946 1554 982 1595 τε
1004 1525 1081 1608 τοὺς

443 1628 559 1721 ὅρκους
579 1629 656 1713 τοὺς
677 1631 924 1718 νενομισμένους
946 1633 1013 1698 κτλ.

197 2277 382 2365 Sequuntur
412 2283 562 2367 glyconei
599 2281 673 2346 inde
701 2282 741 2345 ab
770 2275 885 2366 ὅρκους
916 2275 993 2358 τοὺς
1019 2280 1086 2344 κτλ.
1143 2280 1195 2344 De
1225 2287 1328 2345 metro

194 2405 345 2449 versuum
368 2390 452 2450 4-6
477 2409 539 2451 non
564 2388 643 2452 satis
667 2393 809 2459 constat;
834 2408 863 2451 v.
881 2389 942 2449 355
964 2392 1021 2449 aut
1037 2387 1162 2449 ionicus
1179 2379 1328 2451 ἀνακλώ-

192 2512 287 2571 μενος
310 2496 360 2553 est
383 2498 440 2554 aut
467 2490 607 2556 dimeter
636 2492 793 2555 iambicus
826 2491 1037 2554 catalecticus
1067 2498 1244 2575 anapaesto
1268 2513 1327 2576 pro

192 2593 304 2658 iambo
328 2595 360 2658 in
383 2595 488 2681 prima
512 2595 589 2661 sede
613 2595 791 2659 substituto
814 2594 961 2679 insignis.

278 2775 536 2838 Anacreontis
560 2777 778 2859 fragmentum
803 2776 843 2836 56
868 2773 928 2837 hoc
952 2779 1003 2837 est
1026 2772 1083 2857 (of.
1106 2795 1137 2858 p.
1162 2771 1232 2847 35l:

335 2897 407 2970 οὐδ’
434 2894 475 2970 αὖ
497 2897 529 2990 μ’
556 2900 663 2983 ἐάσεις
683 2897 835 2989 μεθύοντ’
862 2897 970 2969 οἴκαδ’
996 2897 1175 2980 ἆπελθεῖνς

194 3111 285 3175 cuius
325 3118 465 3176 metrum
504 3117 559 3176 aut
586 3111 759 3198 'tamquam
793 3153 1092 3192 ...........
1101 3120 1238 3190 1204-
1271 3103 1327 3175 aut

190 3222 357 3301 tamquam
371 3275 388 3284 -
398 3259 505 3297 .o--‚
523 3259 597 3284 oo-
607 3271 636 3294 -‚
654 3259 674 3283 c
686 3259 706 3283 c
719 3276 734 3284 -
748 3275 763 3283 -
782 3216 940 3302 explicari
956 3219 1074 3300 potest.
1109 3211 1206 3278 Hunc
1218 3214 1326 3278 locum

189 3321 336 3385 laudavit
363 3320 539 3384 scholiasta
567 3320 608 3383 ad
638 3319 759 3384 Aesch.
788 3319 897 3384 Prom.
922 3321 982 3383 128
1014 3318 1121 3383 verbis
1150 3339 1229 3381 usus
1261 3318 1325 3382 his:

189 3423 289 3511 μηδὲν
319 3423 492 3512 φοβηθῇς]
521 3417 712 3510 ὁροθμὸς
735 3415 1050 3507 Ἀνακρεόντειός
1080 3419 1163 3485 ἐστι
1185 3421 1325 3485 κεκλα-

190 3526 332 3610 σμένος
354 3522 458 3612 πρὸς
484 3522 528 3591 τὸ
554 3521 805 3614 θρηνητικόν.
835 3521 1022 3614 ἐπεδήμησε
1050 3519 1110 3610 γὰρ
1134 3525 1175 3612 τῇ
1193 3517 1327 3612 Ἀττικῇ

189 3627 329 3717 Κριτίον
361 3629 441 3716 ἐρῶν
473 3629 530 3695 καὶ
564 3623 690 3719 ἠρέσθη
726 3626 801 3694 λίαν
835 3634 906 3709 τοῖς
936 3627 1048 3713 μέλεσι
1083 3631 1143 3692 τοῦ
1172 3629 1327 3714 τραγικοῦ

190 3733 364 3818 (Welcker
387 3741 493 3799 recte:
515 3732 645 3818 μέλεσιν
660 3726 761 3798 αὐτοῦ
776 3733 794 3797 ὁ
808 3728 984 3820 τραγικός).
1008 3731 1145 3817 ἐχρῶντο
1161 3729 1198 3796 δὲ
1213 3724 1326 3808 αὐτοῖς

190 3830 249 3903 cira
261 3834 294 3902 ἓν
310 3836 411 3903 παντὶ
426 3833 531 3924 τόπῳ,
555 3830 622 3902 ἀλλ’
648 3836 681 3902 ἐν
696 3840 766 3915 τοῖς
790 3840 1008 3926 θρηνητικοῖς,
1024 3829 1068 3914 ὡς
1083 3832 1138 3900 καὶ
1157 3835 1327 3924 Σοφοκλῆς

193 3946 294 4029 Τυροῖ
317 3937 360 4027 β’.
389 3936 457 4006 ἔστι
482 3941 518 4007 δὲ
539 3936 636 4007 ταῦθ’
663 3937 763 4026 ὅμοια
785 3943 847 4029 τῷ·
872 3935 943 4007 οὐδ’
969 3930 1012 4006 αὖ
1034 3941 1133 4025 arist)

261 4137 280 4204 ¹)
299 4134 430 4203 Aeschyli
452 4137 524 4203 trag.
546 4134 686 4204 superstit.
707 4150 739 4185 ex
764 4149 817 4186 rec.
841 4133 873 4187 G.
891 4132 1036 4186 Dindorfii.
1061 4135 1127 4185 tom.
1146 4132 1323 4201 IlI'(Oxonii

190 4224 268 4292 1851)
287 4242 314 4292 p.
334 4223 373 4276 15.
415 4222 544 4285 Conradt‚
564 4223 614 4289 lyr.
633 4222 718 4275 Versa
736 4239 762 4288 p.
782 4220 822 4273 12.

1083 4308 1099 4362 6
1106 4307 1120 4335 ἢ
