3038 5010
651 271 863 333 ..55-

190 450 295 545 αὐτῆς
327 452 421 524 ἔσται
454 453 672 546 πεντάσημος,
702 453 723 525 ὅ
751 456 820 525 ἐστι
855 455 1035 548 warmund·
1071 452 1115 539 ὡς
1146 453 1167 548 ἡ
1202 473 1326 546 ,,κοψεν

190 556 313 642 ὥστε,“
335 557 490 649 τροχαϊκὴ
515 559 650 648 συζυγία
674 554 772 643 οὖσα,
795 559 859 646 ἔχει
881 559 940 653 τὴν
962 558 1029 647 πρὸ
1060 562 1160 652 αὐτῆς
1188 559 1247 653 τὴν
1269 589 1325 644 ,,τε

190 664 228 748 μ’
251 661 332 751 ἔρως
346 671 381 730 ε“
398 661 590 755 maturanda.
628 667 708 732 Inde
731 677 866 754 apparet
880 668 1164 754 Hephaestionem
1181 668 1324 753 syllabas

194 770 241 833 sic
265 768 431 834 divisisse:

287 885 417 978 μεγάλῳ
441 879 501 977 dmi
520 899 525 972 Ι
542 889 580 957 τὲ
600 889 635 976 μ’
650 884 753 978 ’Ἔρως
775 885 814 976 dl
834 905 939 978 κοψεν
961 887 1044 958 ὥστε
1063 894 1068 974 l
1087 885 1221 974 χαλκεύς

287 996 805 1066 ιω..Ιιω.ψΙ.ψ.υἱ.-.ι

192 1108 299 1181 Quam
336 1129 521 1172 mensuram
559 1109 586 1171 is
625 1109 813 1192 excogitare
852 1114 994 1194 poterat,
1033 1109 1087 1192 qui
1126 1108 1325 1193 syllabarum

191 1232 378 1291 numerum,
414 1233 478 1274 non
508 1211 694 1295 rhythmum
722 1212 829 1298 ipsum
860 1212 1066 1297 respiciebat.
1111 1211 1324 1275 Manifestum

193 1315 280 1380 enim
310 1321 360 1379 est
399 1314 458 1379 hos
490 1337 601 1379 versus
630 1315 713 1378 binis
746 1319 895 1378 constare
926 1315 1018 1395 colis,
1051 1315 1189 1380 dimetro
1219 1315 1324 1379 ionico

193 1418 384 1483 catalectico
408 1426 441 1483 et
464 1419 600 1483 dimetro
625 1419 764 1482 iambico
788 1419 988 1482 catalectico.

279 1522 333 1586 Ex
349 1524 465 1588 ceteris
475 1523 698 1587 'Anacreontis
714 1522 905 1607 fragmentis
919 1521 943 1608 ¹)
961 1523 1043 1587 haec
1060 1529 1186 1586 tantum
1202 1524 1324 1588 ionicos

190 1627 366 1714 praebent:

703 1712 741 1776 fr.
765 1716 800 1775 41

274 1817 316 1890 ‘0
339 1820 506 1911 Μεγίστης
529 1817 560 1888 d'
587 1824 604 1888 ὁ
626 1819 795 1912 φιλόφρων
818 1823 896 1891 δέκα
919 1820 958 1914 δὴ
982 1828 1089 1913 μῆνες,
1113 1823 1245 1893 ἐπείτε

280 1924 499 2015 στεφανοῦταί
519 1951 555 1992 τε
577 1923 661 2014 λύγῳ
683 1926 740 1993 καὶ
763 1924 863 2015 τρύγα
886 1925 976 1995 τείνει
997 1928 1161 2018 μελιηδέα.

191 2205 401 2270 Adiectivum
423 2202 577 2291 μελιηδέα
600 2228 629 2268 v.
653 2209 672 2268 2
695 2225 753 2293 per
785 2207 948 2291 synizcsin
974 2208 1011 2271 fit
1039 2208 1324 2293 quadrisyllabum.

702 2326 742 2392 fr.
766 2329 806 2390 42

264 2442 410 2526 Καθαρῇ
433 2434 468 2502 δ’
490 2433 523 2502 ἐν
545 2435 657 2524 κελέβῃ
682 2435 780 2503 πέντε
801 2435 913 2504 τεκαὶ
937 2442 1025 2525 τρεῖς
1046 2435 1260 2521 ἀναχείσθων.

193 3287 276 3352 Oum
301 3308 351 3367 ea,
375 3285 493 3372 quibus
516 3285 592 3348 olim
608 3280 816 3369 Βασσαρίδες
838 3285 1032 3349 vccabulum
1054 3291 1227 3370 exceptum
1243 3293 1322 3366 erat,

190 3391 294 3456 verba
317 3395 447 3455 servata
462 3410 527 3452 non
544 3389 618 3469 sint,
642 3389 818 3473 quaeritur,
842 3410 918 3452 num
942 3388 1069 3474 syllaba
1090 3389 1205 3452 ultima
1227 3389 1322 3454 fuerit

190 3493 362 3581 producta3
400 3514 478 3556 sane
509 3491 736 3577 Hephaestion
770 3493 952 3556 trimetrum
987 3491 1210 3556 catalecticum
1243 3493 1321 3556 illud

191 3599 286 3663 colon
311 3598 455 3683 appellat
477 3618 508 3681 p.
533 3599 584 3659 40.
629 3674 632 3680 .

701 3707 738 3771 ir.
763 3708 803 3769 58

414 3807 501 3878 Ἀπὸ
523 3809 557 3877 d'
580 3806 720 3892 ἐξείλετο
741 3804 869 3893 θεσμὸν
887 3806 989 3894 μέγαν
1012 3859 1069 3874 ...

264 4076 285 4144 ¹)
303 4073 534 4144 Fragmentoium
552 4073 585 4126 37
604 4076 632 4128 ct
648 4073 681 4126 38
699 4073 815 4126 formam
834 4070 875 4123 ita
888 4069 1047 4123 emendavit
1059 4070 1217 4124 Theodorus
1230 4068 1322 4139 Bergk

194 4161 225 4214 in
242 4162 388 4230 poetarum
406 4159 554 4227 lyricorum
574 4158 696 4212 editione
720 4159 833 4227 quarta,
858 4157 890 4210 ut
913 4155 947 4210 dc
971 4154 1070 4211 ionicis
1094 4173 1111 4208 a
1134 4155 1241 4210 minore
1265 4173 1321 4209 non

195 4247 315 4317 amplius
333 4245 452 4320 cogitari
470 4246 565 4319 possit.
