3038 5010
592 528 811 592 „24-

113 700 311 780 verationis,
341 712 442 773 tenet.
489 700 586 788 Ergo
618 724 662 768 ne
695 700 858 769 tribrachi
890 701 1028 790 quidem
1062 723 1127 770 usu
1157 702 1212 771 hic
1235 702 1290 771 tn'·

113 820 223 875 meter
248 807 390 874 multum
416 806 573 875 differta
598 807 759 876 trimetris
783 807 923 876 comicis
949 808 1206 898 didacticisque.

202 913 274 984 Sed
309 914 495 1004 postquam
530 914 574 982 de
608 914 755 982 diversis
789 915 907 984 metris
936 915 1095 998 disserui,
1128 938 1220 984 nunc
1244 917 1289 985 de

114 1043 260 1089 numero
291 1021 503 1090 solutionum
534 1034 569 1090 et
601 1034 868 1111 anapaestorum
900 1022 1045 1110 singulis
1069 1021 1102 1090 in
1126 1021 1288 1092 versibus

112 1127 343 1196 adhibitorum
378 1114 574 1216 disp'utabo.
620 1128 675 1196 Ne
709 1129 741 1196 in
779 1129 832 1197 his
867 1129 1006 1216 quidem
1042 1129 1161 1217 gravis
1196 1128 1290 1198 diffe-

113 1233 222 1302 rentia
246 1234 333 1302 inter
357 1235 447 1301 hunc
472 1235 662 1302 trimetrum
688 1248 792 1324 atque
817 1235 1010 1303 trimetrum
1035 1236 1205 1304 comicum
1231 1248 1290 1305 aut

113 1341 319 1409 didacticum
351 1341 532 1412 invenitur.
581 1341 681 1410 Unus
712 1341 801 1408 enim
835 1363 960 1410 versus
983 1341 1224 1429 investigatur,
1255 1343 1288 1410 in

114 1471 184 1537 quo
209 1461 374 1537 quattuor
396 1447 588 1515 iamborum
614 1448 793 1536 integritas
815 1460 869 1515 est
893 1449 995 1528 laesa,
1021 1471 1090 1537 v.4
1109 1470 1185 1536 arg.
1200 1450 1288 1518 Ach.

113 1554 186 1624 Sed
211 1556 303 1644 apud
318 1555 589 1644 Aristophanem
614 1578 755 1644 quoque
779 1555 812 1621 in
836 1557 922 1622 tales
949 1577 1072 1624 versus
1095 1555 1288 1638 incidimus

1 1670 2 1675 ’
112 1675 150 1731 ut
180 1663 211 1729 in
246 1662 396 1731 Nubium
430 1687 461 1734 v,
494 1684 556 1751 173
584 1675 655 1729 tres
684 1661 861 1746 anapaesti
895 1673 976 1730 sunt
1006 1661 1179 1731 coniuncti
1209 1684 1289 1732 cum

113 1770 269 1857 dactylo;
294 1769 372 1837 audi
399 1791 556 1837 versum:

273 1916 328 1976 obul
354 1923 413 1997 τῆς
438 1917 554 2001 ὀροφῆς
578 1916 690 2001 νύκτωρ
715 1915 876 1997 γαλεώτης
892 1917 1049 1999 κατέχεσεν

114 2055 168 2122 vel
192 2054 226 2122 in
251 2054 351 2122 Pacis
375 2079 407 2126 v.
436 2076 530 2136 1221,
564 2076 634 2142 quo
659 2076 765 2121 versu
789 2066 860 2122 tres
884 2052 1048 2121 tribrachi
1071 2066 1105 2121 et
1126 2054 1289 2143 dactylus

116 2173 348 2233 continentur:

273 2286 396 2375 ἀπόφερ’
421 2286 545 2374 ἀπόφερ’
571 2290 606 2361 ἐς
630 2293 761 2375 κόρακας
785 2288 840 2350 ἀπὸ
864 2296 924 2371 τῆς
948 2289 1051 2360 obtine.

203 2410 329 2480 Crebri
353 2425 467 2479 autem
491 2424 572 2480 sunt
596 2423 882 2498 argumentorum
901 2410 919 2477 ii
938 2431 1075 2491 versus,
1099 2409 1133 2477 in
1163 2407 1289 2498 quibus

114 2528 246 2585 tantum
280 2540 371 2586 unus
403 2532 462 2586 aut
493 2519 563 2586 duo
588 2517 692 2586 iambi
715 2518 860 2585 formam
886 2517 1062 2607 propriam
1088 2515 1287 2585 amiserunt.

115 2621 246 2710 Quinta
271 2625 303 2692 in
320 2625 415 2707 sede,
442 2626 538 2693 cuius
554 2624 786 2714 integritatem
802 2624 1059 2713 Aristophanes
1075 2643 1290 2692 conservare

114 2731 327 2818 tragicorum
359 2745 541 2821 poetarum
575 2731 735 2820 exemplo
766 2732 926 2808 studet¹l‚
961 2743 1139 2798 auctorem
1164 2729 1289 2797 horum

114 2852 399 2926 argumentorum
414 2839 609 2907 liberiorem
621 2860 700 2907 esse
713 2839 975 2906 concedendum
994 2849 1057 2917 est,
1082 2836 1184 2925 quiin
1198 2836 1291 2925 pede

54 2946 56 2951 ’
116 2943 235 3033 quinto
260 2945 387 3034 septies
413 2946 528 3014 decies
552 2947 676 3035 pedem
701 2944 917 3030 trisyllabum
937 2944 1087 3014 adhibet.
1134 2941 1207 3012 Sed
1223 2942 1290 3011 hac

115 3074 152 3119 re
177 3053 371 3141 comparari
397 3066 513 3141 potest
537 3053 592 3120 hic
616 3065 738 3120 auctor
762 3074 838 3119 cum
865 3050 977 3139 poetis
1002 3051 1179 3118 didacticis
1201 3049 1291 3117 inter

115 3179 205 3245 quos
240 3158 416 3246 Scymnus
445 3182 527 3249 13,5‚
561 3159 752 3247 Dionysius
785 3158 862 3239 28‚8
896 3157 1031 3226 iambos
1064 3155 1221 3246 impuros
1256 3155 1288 3224 in

114 3265 199 3332 sede
216 3265 334 3354 quinta
351 3268 454 3333 habet
478 3266 511 3334 in
537 3266 689 3339 centenis
715 3266 885 3334 versibus.
934 3265 988 3333 De
1016 3263 1149 3332 ratione
1173 3274 1289 3332 autem

113 3384 305 3439 metrorum
329 3372 474 3460 singulis
499 3373 530 3439 in
556 3372 717 3441 versibus
741 3373 1004 3442 coniunctorum
1027 3372 1107 3440 vide
1131 3371 1219 3439 hanc
1243 3383 1290 3439 ta·

114 3477 286 3568 bellam²):

204 3585 356 3654 Primum
381 3587 572 3655 solutiones
597 3587 752 3655 eiusdem
776 3588 930 3675 generis:

114 3693 188 3760 Bini
213 3694 389 3774 tribrachi;
416 3694 521 3782 Vesp.
546 3696 581 3774 8;
607 3694 676 3761 Αν.
701 3717 736 3774 2;
763 3694 859 3781 (Lys.
888 3696 954 3781 10);
979 3694 1067 3764 Ran.
1095 3714 1146 3760 το.

153 3854 168 3884 ,,
220 3800 360 3889 dactyli:
390 3802 476 3890 Equ.
501 3825 532 3882 2,
557 3825 592 3889 4;
618 3802 697 3871 Pac.
722 3824 753 3890 3.

154 3961 169 3992 „
219 3909 410 3997 anapaesti:
437 3910 525 3980 Ach.
550 3932 585 3990 2;
611 3909 700 3978 Nub.
725 3931 761 3997 3;
788 3909 867 3980 Pac.
896 3931 945 3979 10.

113 4013 222 4082 Terni
247 4016 423 4083 tribrachi:
449 4015 536 4104 Equ.
554 4039 593 4082 to
617 4016 671 4105 (cf.
689 4016 817 4088 Achar.
838 4037 933 4101 1022,
954 4036 1054 4103 1054;
1079 3998 1186 4103 Vesp.
1202 4014 1288 4104 185).

206 4178 226 4247 ¹)
246 4178 413 4235 Solutiones
432 4180 517 4249 pedis
537 4178 628 4250 quinti
648 4187 715 4234 sunt
735 4180 812 4250 apud
827 4177 1057 4248 Aristophanem
1077 4176 1153 4231 inter
1171 4183 1289 4230 centum

114 4286 219 4324 versus
240 4286 298 4340 5,5;
318 4268 352 4322 cl.
371 4268 491 4338 Jacoby,
512 4269 527 4321 l.
545 4285 568 4322 c.
582 4285 610 4337 p.
624 4271 669 4338 65.

204 4357 224 4419 ¹)
245 4358 327 4426 Quos
338 4358 418 4411 locos
429 4367 667 4427 argumentorum
678 4357 760 4411 uncis
771 4356 881 4425 inclusi,
893 4354 1066 4409 coniecturis
1076 4351 1201 4409 restituti
1214 4360 1290 4407 sunt.
