3038 5010
609 439 885 516 -ass-'

129 656 204 713 :tate
220 645 306 712 haec
323 656 529 732 argumenta
553 643 621 712 sint
644 643 741 725 ficta;
766 643 806 716 cf.
830 645 1017 726 enuntiata,
1043 629 1157 734 qualia
1180 647 1310 736 scripta

132 752 293 820 videmus
316 752 349 820 in
374 764 581 840 argumento
606 751 768 840 Equitum
793 775 825 824 v.
850 774 887 840 9:

348 899 462 980 ἐγένετο
483 895 578 959 τοῦτ’·
604 894 741 968 ε’ἕέπεσεν
766 898 779 958 ὁ
805 895 909 960 Κλέων
933 904 1094 980 παγκακῶς

129 1037 190 1105 ¹vel
220 1038 253 1106 in
285 1037 480 1125 argumenti
510 1038 686 1105 Ranarum
712 1059 744 1106 v.
769 1038 805 1104 6:
838 1041 936 1102 ἔπειτα
967 1047 1084 1122 μυστῶν
1114 1040 1221 1125 ἐκδοχή
1254 1036 1310 1105 vel

35 1212 37 1217 ,
132 1143 166 1210 in
193 1145 387 1232 argumenti
413 1144 728 1213 Ecclesiazusarum
756 1168 786 1216 v.
811 1168 846 1232 4:
879 1147 1017 1230 ἐποίησαν
1042 1146 1141 1221 οὕτως
1164 1145 1221 1213 vel
1245 1143 1310 1213 alia

133 1249 167 1318 id
203 1274 326 1334 genus.
374 1250 492 1337 Quid?
546 1251 672 1319 Nonne
703 1274 838 1319 summa
873 1251 1084 1340 indiligentia
1116 1252 1310 1341 composita

132 1369 216 1426 sunt
238 1360 467 1446 argumenta?
511 1359 549 1426 In
579 1371 786 1446 argumento
810 1359 1102 1441 Acharnensium,
1135 1372 1172 1427 ut
1195 1381 1309 1428 exem·

121 1465 226 1553 ‘plum
254 1464 408 1546 afferam,
432 1465 580 1549 legimus
604 1465 684 1541 τινὲς
708 1469 836 1541 σπονδᾶς
860 1470 1014 1556 φέροντες,
1040 1487 1251 1554 quamquam
1275 1466 1308 1553 in

133 1569 249 1639 fabula
265 1594 355 1640 unus
373 1572 606 1661 Amphitheus
630 1575 760 1647 σπονδάς
782 1577 876 1662 φέρει;
902 1573 958 1640 vel
982 1573 1022 1641 cf.
1036 1595 1069 1642 v,
1094 1596 1116 1661 4
1139 1594 1214 1661 arg.
1239 1573 1308 1645 Av.

122 1677 236 1765 Quae
252 1679 380 1769 scripta
396 1693 476 1748 sunt
497 1682 539 1747 ab
565 1679 713 1761 homine,
739 1679 797 1768 qui
820 1679 958 1766 singula
982 1693 1143 1748 accurate
1166 1700 1310 1747 narrare

124 1786 252 1863 noluit.
298 1786 452 1855 Eandem
486 1800 599 1855 autem
632 1786 886 1874 neglegentiam
912 1799 1034 1854 auctor
1056 1786 1089 1855 in
1113 1785 1309 1871 argumenti

122 1891 224 1960 ..Pluti
248 1917 313 1966 v.2
337 1896 490 1983 praebet,
526 1917 595 1983 quo
628 1894 707 1961 loco
724 1893 835 1961 virum
861 1894 1034 1981 quendam
1060 1894 1163 1961 deum
1189 1915 1309 1963 consu·

121 2000 239 2069 luisse
252 2001 494 2090 comperimus,
513 2000 704 2086 divitiasne,
722 1999 751 2066 si
767 2012 926 2067 naturam
937 2022 1036 2069 suam
1050 2011 1308 2081 commutasset,

120 2106 198 2176 -sibi
214 2130 338 2197 parare
354 2121 484 2197 posset.
532 2110 579 2175 At
595 2106 628 2175 in
644 2129 748 2174 versu
762 2105 869 2195 ipsius
882 2108 1017 2175 fabulae
1030 2107 1084 2175 ille
1097 2105 1309 2196 Chremylus

121 2215 236 2282 deum
262 2237 331 2282 non
355 2237 420 2304 pro
444 2237 493 2297 se,
525 2216 587 2282 sed
612 2236 677 2303 pro
702 2212 770 2281 filio
795 2235 860 2280 suo
886 2213 1067 2282 consuluit.
1113 2213 1222 2283 Multa
1245 2212 1311 2282 alia

121 2321 166 2389 :id
191 2344 306 2410 genus
335 2322 461 2390 afferre
485 2343 641 2410 possum,
665 2321 728 2389 sed
753 2321 839 2388 haec
863 2319 1024 2389 sufficere
1036 2333 1132 2410 puto,
1171 2306 1309 2407 Quibus

122 2451 178 2496 ex
201 2430 308 2497 rebus
333 2428 500 2516 cognosci
532 2440 657 2517 potest,
690 2449 758 2515 qua
795 2427 986 2496 temeritate
1018 2426 1310 2516 neglegentiaque

134 2548 236 2624 poeta
265 2536 297 2602 in
324 2535 376 2603 his
408 2536 621 2623 argumentis
653 2535 826 2624 fingendis
858 2556 942 2602 usus
974 2535 1030 2616 sit;
1064 2556 1134 2602 non
1165 2534 1240 2602 eius
1264 2533 1309 2601 in·

123 2655 262 2711 :tererat
286 2666 336 2724 ea,
363 2665 452 2730 quae
470 2642 584 2710 tabula
602 2641 831 2723 continentur,
857 2665 999 2710 narrare
1016 2641 1079 2711 nisi
1095 2641 1128 2710 in
1153 2640 1309 2710 transitu.

223 2750 297 2819 Usu
323 2762 436 2819 autem
459 2752 646 2818 verborum
672 2762 849 2829 auctorem
875 2760 1161 2838 argumentorum
1186 2759 1310 2838 poetas

122 2869 292 2925 vetustos
323 2856 528 2946 plerumque
561 2870 715 2924 secutum
748 2879 828 2925 esse
859 2856 1040 2924 dicendum
1067 2867 1120 2923 est
1155 2854 1310 2945 exceptis

132 2964 305 3032 nonnullis
317 2964 436 3032 formis
451 2976 486 3031 ut
503 2969 657 3029 ὀπτάνεται
674 2986 764 3050 quae
781 2977 975 3052 temporum
993 2962 1309 3045 Alexandrinorum

123 3087 222 3153 sunt,
248 3084 284 3138 ut
308 3093 415 3160 supra
439 3070 686 3142 demonstravi.
733 3070 850 3160 Saepe
874 3070 1086 3138 constituere
1110 3090 1310 3158 possumus

126 3191 170 3245 -ut
186 3177 347 3266 Wagner
362 3190 602 3266 perscrutatus
620 3191 681 3259 est,
708 3179 798 3245 hunc
815 3190 993 3246 auctorem
1018 3198 1150 3265 genere
1175 3174 1311 3244 dicendi

124 3285 348 3353 ‚Menandreo
381 3286 501 3373 procul
533 3307 601 3351 non
633 3307 712 3355 esse
737 3297 773 3352 ut
797 3284 863 3351 iam
888 3307 973 3352 usus
999 3284 1095 3352 verbi
1120 3291 1310 3371 σκατοφάγος

124 3392 360 3474 demonstrat,
392 3392 544 3479 itemque
574 3391 665 3459 illum
691 3405 846 3459 secutum
873 3413 952 3459 esse
977 3390 1219 3471 Menandrum,
1252 3387 1311 3477 qui

125 3513 306 3567 certorum
332 3499 521 3567 verborum
551 3499 656 3567 exitui
682 3521 845 3566 versuum
878 3498 1107 3565 indendorum
1132 3495 1310 3566 studiosus

125 3618 195 3675 est.
243 3605 380 3690 Quibus
413 3629 455 3673 ex
489 3607 594 3673 rebus
625 3606 784 3695 equidem
818 3605 976 3673 concludi
1008 3627 1114 3694 posse
1140 3625 1233 3691 nego
1257 3624 1309 3684 ea,

54 3747 57 3754 ·
125 3734 223 3801 quae
241 3712 400 3801 Wagner
424 3713 593 3781 conclusit
617 3725 823 3801 argumenta
846 3715 890 3778 ab
916 3711 1154 3800 Aristophane
1179 3710 1310 3798 Byzan-

124 3821 190 3900 tio,
216 3822 268 3888 cui
286 3819 453 3910 pleraque
469 3833 549 3887 sunt
566 3821 716 3908 ascripta
733 3821 764 3887 in
783 3818 971 3900 codicibus,
996 3840 1065 3886 non
1082 3816 1311 3885 abiudicanda

126 3949 222 4009 esse,
248 3928 343 4016 quod
361 3928 414 3994 ille
431 3927 484 3993 vir
502 3928 626 3994 doctus
641 3928 889 3996 Menandream
907 3940 1016 3995 artem
1036 3927 1165 4014 optime
1182 3945 1310 4012 cogno

127 4034 285 4117 uisset1).
333 4034 412 4120 Qua
445 4057 483 4101 re
515 4034 595 4101 mihi
626 4034 658 4101 id
692 4034 804 4102 solum
836 4032 1000 4102 affirmari
1033 4033 1181 4113 videtur,
1213 4030 1311 4120 quod

134 4140 200 4207 iam
232 4140 485 4208 examinatione
517 4141 615 4208 metri
648 4141 840 4209 invenimus
872 4143 956 4208 baec
990 4150 1196 4228 argumenta
1228 4149 1310 4207 tem·

224 4304 243 4371 ¹)
264 4305 309 4360 De
329 4304 533 4374 Aristophane
554 4304 698 4375 Byzantio
719 4314 837 4360 auctore
858 4305 945 4376 paulo
964 4304 1038 4360 infra
1053 4304 1137 4375 plura
1156 4301 1261 4358 dicam.
