3038 5010
642 304 852 364 ..25-

328 487 499 577 [ocpiyyorv
520 483 554 556 θ’
581 483 649 556 διεδ
673 490 904 574 καλαμοεσσᾶν
925 486 1061 556 ἔστασεν
1084 486 1209 573 ιάκχὰν,

327 589 371 662 ὅτ’
397 588 459 660 άνδ
482 589 608 684 Πήλιον
631 590 668 659 αἱ
690 589 956 678 καλλιπλόκαμοι
1253 625 1315 665 roco

327 696 480 786 Πιερίδες
501 694 595 785 παρὰ
618 697 708 765 δαιτὶ
730 700 820 764 θεῶν

327 798 606 890 χρυσεοσάνδαλον
626 797 715 884 ἴχνος

326 907 360 974 ἐν
381 910 423 997 χᾷ
445 903 621 994 κρούουσαι

328 1011 463 1100 Πηλέως
485 1011 518 1092 ἒς
539 1008 643 1099 γάμον
665 1001 779 1101 ήλδον,

325 1117 484 1205 μελῳδοῖς
510 1112 609 1183 Θέτιν
631 1110 778 1204 ἀχήμασι
800 1110 857 1182 τόν
879 1109 905 1181 τ’
922 1111 1093 1181 Αἰακίδαν
1253 1145 1314 1186 rous

326 1216 518 1309 Κενταύρων
540 1215 586 1286 ἀν’
614 1215 688 1306 ὅρος
709 1219 860 1287 κλέουσαι

330 1322 481 1416 Πηλιάδα
504 1319 581 1392 καθ’
608 1321 708 1412 ὕλαν]

192 1451 238 1514 ubi
260 1451 293 1514 in
316 1450 409 1514 initio
433 1448 587 1534 strophae
609 1447 819 1532 logaoedicae
842 1446 875 1510 hi
900 1465 1014 1510 versus
1037 1445 1192 1529 leguntur

261 1762 411 1837 ‚Quartus
435 1764 524 1826 locus
549 1768 599 1827 cot
621 1761 721 1826 Herc.
744 1761 805 1828 fur.
828 1763 999 1825 637-649
1014 1789 1053 1811 =
1072 1760 1263 1822 655-666:

337 1876 492 1962 ἁνεότας
513 1907 571 1967 μοι
594 1878 708 1971 φίλου·
733 1875 839 1963 άχδος
861 1879 896 1946 δὲ
919 1879 956 1946 τδ
980 1879 1081 1966 χήρας
1104 1871 1156 1943 ἀεὶ

336 1981 512 2072 βαρύτερον
533 1982 663 2065 Αἴτνας
685 1980 859 2052 σκοπέλων

340 2088 410 2178 [ἐπὶ
433 2088 528 2175 κρατὶ
553 2094 669 2168 κεῖται,

339 2187 510 2278 βλεφάρων
533 2186 697 2258 σκοτεινὸν

337 2291 421 2381 φάος
443 2290 640 2381 tractamur.

336 2394 382 2486 μή
405 2423 464 2482 μοι
485 2392 559 2488 μήτ’
582 2392 771 2484 Ἀσιήτιδος

337 2499 525 2589 τυραννίδος
547 2497 644 2588 δ’λβος
666 2498 716 2588 εἴη

339 2603 384 2696 μή
408 2609 528 2692 χρυσοῦ
552 2603 688 2691 δώματα
712 2601 820 2696 υιλήρή

339 2713 399 2790 τάς
421 2706 504 2799 ἥβας
527 2704 720 2795 ἀντιλαβεῖν,

340 2805 362 2879 ἃ
384 2813 543 2881 καλλίστα
566 2814 624 2900 μὲν
647 2814 680 2880 ἕν
707 2809 803 2902 hipp,

345 2916 504 2985 καλλίστα
528 2914 558 2985 δ’
578 2919 610 2985 ἐν
633 2915 753 3007 πενία]

189 3042 241 3126 qui
264 3042 296 3104 in
319 3041 410 3105 initio
434 3041 587 3127 strophae
611 3041 671 3105 hoo
697 3062 810 3105 vorsus
834 3040 972 3126 praebet

274 3578 377 3641 Multo
390 3578 492 3641 maior
505 3583 555 3642 cot
567 3598 721 3641 numerus
735 3597 846 3640 eorum
859 3578 1014 3657 locorum,
1031 3577 1147 3662 quibus
1159 3576 1319 3639 choriam-

188 3684 250 3746 bus
274 3703 345 3745 oum
373 3723 480 3748 .-o-
508 3687 564 3745 aut
585 3697 716 3749 μῶυ.
737 3681 952 3746 consociatur.
999 3680 1081 3745 Cum
1108 3683 1141 3744 in
1170 3680 1260 3743 initio
1290 3684 1322 3741 ct

189 3786 397 3871 stropharum
421 3791 453 3849 ct
476 3807 628 3850 versuum
652 3785 776 3850 maiore
800 3787 930 3849 licentia
961 3787 1012 3849 usi
1035 3788 1098 3850 sint
1127 3793 1258 3873 poetae,
1289 3787 1321 3849 in

188 3892 261 3977 ipso
286 3890 376 3953 initio
399 3911 553 3954 versuum
585 3896 617 3955 ct
647 3891 853 3975 stropharum
885 3911 950 3953 non
981 3912 1053 3954 raro
1084 3892 1236 3975 leguntur
1264 3912 1321 3975 pro

344 4022 396 4029 —-

262 4098 281 4162 ¹)
301 4095 447 4164 Wcstphal
466 4097 514 4149 11²
533 4115 558 4165 p.
577 4098 629 4150 842
648 4115 708 4150 oum
731 4098 939 4165 hypermctrum
959 4094 1174 4149 choriambicum
1193 4095 1242 4148 hos
1263 4113 1322 4149 vcr-

189 4200 237 4236 sus
255 4182 388 4247 nominet,
407 4208 426 4232 o
440 4208 459 4232 o
472 4209 492 4231 υ
505 4210 525 4234 υ
538 4226 554 4235 .
574 4201 624 4252 pro
643 4183 802 4237 choriambo
820 4183 912 4237 soluto
930 4182 1020 4251 primo
1038 4180 1110 4234 thesi
1128 4181 1230 4235 habore
1248 4181 1323 4235 vidc-

190 4272 251 4334 tur;
269 4272 300 4324 at
317 4271 386 4324 haec
403 4271 491 4326 forma
509 4287 565 4324 non
584 4287 616 4324 cx
635 4314 650 4323 .
665 4296 685 4321 o
697 4297 717 4319 υ
731 4314 746 4321 -
763 4269 810 4324 aod
829 4287 862 4322 cx
878 4295 899 4320 υ
911 4312 927 4321 -
940 4294 961 4319 υ
973 4312 988 4320 -
1004 4267 1170 4338 explicanda,
1188 4271 1237 4323 est.
