<?xml version="1.0" encoding="UTF-8"?>
<!DOCTYPE html PUBLIC "-//W3C//DTD XHTML 1.0 Transitional//EN"
    "http://www.w3.org/TR/xhtml1/DTD/xhtml1-transitional.dtd">
<html xmlns="http://www.w3.org/1999/xhtml" xml:lang="en" lang="en">
 <head>
  <title>
</title>
<meta http-equiv="Content-Type" content="text/html;charset=utf-8" />
  <meta name='ocr-system' content='tesseract 3.04.00' />
  <meta name='ocr-capabilities' content='ocr_page ocr_carea ocr_par ocr_line ocrx_word'/>
</head>
<body>
  <div class='ocr_page' id='page_1' title='image "./deversumdochmia00pickgoog_0217.png"; bbox 0 0 3038 5010; ppageno 0'>
   <div class='ocr_carea' id='block_1_1' title="bbox 340 968 1059 1073">
    <p class='ocr_par' dir='ltr' id='par_1_1' title="bbox 340 968 1059 1073">
     <span class='ocr_line' id='line_1_1' title="bbox 340 968 1059 1073; baseline 0.003 -3"><span class='ocrx_word' id='word_1_1' title='bbox 340 1054 343 1061; x_wconf 95' lang='lat'><em>.</em></span> <span class='ocrx_word' id='word_1_2' title='bbox 425 971 456 1072; x_wconf 92' lang='lat' dir='ltr'>l.</span> <span class='ocrx_word' id='word_1_3' title='bbox 494 969 575 1072; x_wconf 90' lang='lat' dir='ltr'>De</span> <span class='ocrx_word' id='word_1_4' title='bbox 614 991 766 1073; x_wconf 87' lang='lat' dir='ltr'>aetate</span> <span class='ocrx_word' id='word_1_5' title='bbox 805 991 851 1072; x_wconf 92' lang='lat' dir='ltr'>et</span> <span class='ocrx_word' id='word_1_6' title='bbox 887 968 1059 1072; x_wconf 90' lang='lat' dir='ltr'>indole.</span> 
     </span>
    </p>
   </div>
   <div class='ocr_carea' id='block_1_2' title="bbox 149 1214 1332 4082">
    <p class='ocr_par' dir='ltr' id='par_1_2' title="bbox 149 1214 1332 1625">
     <span class='ocr_line' id='line_1_2' title="bbox 245 1214 1332 1303; baseline 0.003 -20"><span class='ocrx_word' id='word_1_7' title='bbox 245 1216 465 1303; x_wconf 84' lang='lat' dir='ltr'>Argumenta</span> <span class='ocrx_word' id='word_1_8' title='bbox 495 1214 637 1282; x_wconf 88' lang='lat' dir='ltr'>metrica</span> <span class='ocrx_word' id='word_1_9' title='bbox 666 1227 802 1282; x_wconf 86' lang='lat' dir='ltr'>exstant</span> <span class='ocrx_word' id='word_1_10' title='bbox 826 1215 870 1282; x_wconf 94' lang='lat' dir='ltr'>ad</span> <span class='ocrx_word' id='word_1_11' title='bbox 894 1215 1016 1283; x_wconf 89' lang='lat' dir='ltr'>decem</span> <span class='ocrx_word' id='word_1_12' title='bbox 1040 1215 1332 1286; x_wconf 16' lang='lat' dir='ltr'>fabulasrAristo</span> 
     </span>
     <span class='ocr_line' id='line_1_3' title="bbox 155 1320 1330 1412; baseline 0.003 -23"><span class='ocrx_word' id='word_1_13' title='bbox 155 1323 321 1412; x_wconf 80' lang='lat' dir='ltr'>phaneaS,</span> <span class='ocrx_word' id='word_1_14' title='bbox 347 1322 390 1388; x_wconf 90' lang='lat' dir='ltr'>ad</span> <span class='ocrx_word' id='word_1_15' title='bbox 408 1320 594 1409; x_wconf 89' lang='lat' dir='ltr'>Oedipoda</span> <span class='ocrx_word' id='word_1_16' title='bbox 610 1321 746 1404; x_wconf 85' lang='lat' dir='ltr'><strong>Regem</strong></span> <span class='ocrx_word' id='word_1_17' title='bbox 771 1333 874 1408; x_wconf 90' lang='lat' dir='ltr'>atque</span> <span class='ocrx_word' id='word_1_18' title='bbox 888 1321 1113 1389; x_wconf 85' lang='lat' dir='ltr'><strong>Philoctetam</strong></span> <span class='ocrx_word' id='word_1_19' title='bbox 1130 1321 1330 1412; x_wconf 86' lang='lat' dir='ltr'>Sophoclis,</span> 
     </span>
     <span class='ocr_line' id='line_1_4' title="bbox 156 1428 1331 1520; baseline 0.002 -23"><span class='ocrx_word' id='word_1_20' title='bbox 156 1429 199 1497; x_wconf 92' lang='lat' dir='ltr'>ad</span> <span class='ocrx_word' id='word_1_21' title='bbox 223 1428 404 1496; x_wconf 82' lang='lat' dir='ltr'>Menandri</span> <span class='ocrx_word' id='word_1_22' title='bbox 437 1450 549 1517; x_wconf 88' lang='lat' dir='ltr'>nuper</span> <span class='ocrx_word' id='word_1_23' title='bbox 578 1439 750 1517; x_wconf 84' lang='lat' dir='ltr'>repertam</span> <span class='ocrx_word' id='word_1_24' title='bbox 781 1428 942 1509; x_wconf 87' lang='lat' dir='ltr'>fabulam,</span> <span class='ocrx_word' id='word_1_25' title='bbox 975 1451 1065 1516; x_wconf 87' lang='lat' dir='ltr'>quae</span> <span class='ocrx_word' id='word_1_26' title='bbox 1089 1429 1252 1520; x_wconf 90' lang='lat' dir='ltr'>inscripta</span> <span class='ocrx_word' id='word_1_27' title='bbox 1276 1442 1331 1499; x_wconf 88' lang='lat' dir='ltr'>est</span> 
     </span>
     <span class='ocr_line' id='line_1_5' title="bbox 149 1533 270 1625; baseline 0 -25"><span class='ocrx_word' id='word_1_28' title='bbox 149 1533 270 1625; x_wconf 77' lang='grc' dir='ltr'><strong>Ἥρως.</strong></span> 
     </span>
    </p>

    <p class='ocr_par' dir='ltr' id='par_1_3' title="bbox 152 1640 1331 3760">
     <span class='ocr_line' id='line_1_6' title="bbox 244 1640 1330 1732; baseline 0.003 -24"><span class='ocrx_word' id='word_1_29' title='bbox 244 1642 298 1709; x_wconf 89' lang='lat' dir='ltr'>Ac</span> <span class='ocrx_word' id='word_1_30' title='bbox 329 1642 475 1729; x_wconf 93' lang='lat' dir='ltr'>primum</span> <span class='ocrx_word' id='word_1_31' title='bbox 511 1640 649 1729; x_wconf 91' lang='lat' dir='ltr'>quidem</span> <span class='ocrx_word' id='word_1_32' title='bbox 686 1641 729 1708; x_wconf 94' lang='lat' dir='ltr'>de</span> <span class='ocrx_word' id='word_1_33' title='bbox 764 1641 956 1709; x_wconf 86' lang='lat' dir='ltr'>fabularum</span> <span class='ocrx_word' id='word_1_34' title='bbox 990 1642 1330 1732; x_wconf 87' lang='lat' dir='ltr'>Aristophanearum</span> 
     </span>
     <span class='ocr_line' id='line_1_7' title="bbox 155 1748 1329 1841; baseline 0.003 -25"><span class='ocrx_word' id='word_1_35' title='bbox 155 1751 369 1836; x_wconf 89' lang='lat' dir='ltr'>argumentis</span> <span class='ocrx_word' id='word_1_36' title='bbox 396 1770 509 1836; x_wconf 81' lang='lat' dir='ltr'>agam,</span> <span class='ocrx_word' id='word_1_37' title='bbox 533 1770 681 1836; x_wconf 92' lang='lat' dir='ltr'>quorum</span> <span class='ocrx_word' id='word_1_38' title='bbox 706 1759 820 1816; x_wconf 87' lang='lat' dir='ltr'>textus</span> <span class='ocrx_word' id='word_1_39' title='bbox 844 1748 876 1814; x_wconf 92' lang='lat' dir='ltr'>in</span> <span class='ocrx_word' id='word_1_40' title='bbox 902 1748 1079 1817; x_wconf 87' lang='lat' dir='ltr'>codicibus</span> <span class='ocrx_word' id='word_1_41' title='bbox 1097 1748 1127 1815; x_wconf 89' lang='lat' dir='ltr'><strong>R</strong></span> <span class='ocrx_word' id='word_1_42' title='bbox 1144 1749 1222 1817; x_wconf 92' lang='lat' dir='ltr'>etV</span> <span class='ocrx_word' id='word_1_43' title='bbox 1245 1751 1329 1841; x_wconf 93' lang='lat' dir='ltr'>pho-</span> 
     </span>
     <span class='ocr_line' id='line_1_8' title="bbox 155 1853 1331 1944; baseline 0.002 -21"><span class='ocrx_word' id='word_1_44' title='bbox 155 1854 308 1944; x_wconf 89' lang='lat' dir='ltr'>totypice</span> <span class='ocrx_word' id='word_1_45' title='bbox 325 1854 423 1922; x_wconf 88' lang='lat' dir='ltr'>editis</span> <span class='ocrx_word' id='word_1_46' title='bbox 440 1854 583 1943; x_wconf 85' lang='lat' dir='ltr'>inspexi.</span> <span class='ocrx_word' id='word_1_47' title='bbox 632 1853 784 1921; x_wconf 85' lang='lat' dir='ltr'>Fabulae</span> <span class='ocrx_word' id='word_1_48' title='bbox 799 1855 1087 1943; x_wconf 89' lang='lat' dir='ltr'>Aristophaneae,</span> <span class='ocrx_word' id='word_1_49' title='bbox 1113 1877 1203 1943; x_wconf 87' lang='lat' dir='ltr'>quae</span> <span class='ocrx_word' id='word_1_50' title='bbox 1228 1856 1331 1926; x_wconf 92' lang='lat' dir='ltr'>nobis</span> 
     </span>
     <span class='ocr_line' id='line_1_9' title="bbox 154 1947 1330 2051; baseline 0.002 -21"><span class='ocrx_word' id='word_1_51' title='bbox 154 1974 235 2030; x_wconf 94' lang='lat' dir='ltr'>sunt</span> <span class='ocrx_word' id='word_1_52' title='bbox 265 1962 420 2045; x_wconf 86' lang='lat' dir='ltr'>traditae,</span> <span class='ocrx_word' id='word_1_53' title='bbox 457 1962 585 2029; x_wconf 90' lang='lat' dir='ltr'>habent</span> <span class='ocrx_word' id='word_1_54' title='bbox 617 1982 738 2029; x_wconf 87' lang='lat' dir='ltr'>omnes</span> <span class='ocrx_word' id='word_1_55' title='bbox 769 1961 923 2049; x_wconf 85' lang='lat' dir='ltr'>exceptis</span> <span class='ocrx_word' id='word_1_56' title='bbox 953 1947 1330 2051; x_wconf 84' lang='lat' dir='ltr'>Thesmophoriazusis</span> 
     </span>
     <span class='ocr_line' id='line_1_10' title="bbox 155 2068 1328 2161; baseline 0.002 -24"><span class='ocrx_word' id='word_1_57' title='bbox 155 2081 361 2157; x_wconf 88' lang='lat' dir='ltr'>argumenta</span> <span class='ocrx_word' id='word_1_58' title='bbox 377 2068 528 2150; x_wconf 88' lang='lat' dir='ltr'>metrica,</span> <span class='ocrx_word' id='word_1_59' title='bbox 555 2090 702 2156; x_wconf 91' lang='lat' dir='ltr'>quorum</span> <span class='ocrx_word' id='word_1_60' title='bbox 719 2080 834 2136; x_wconf 88' lang='lat' dir='ltr'>textus</span> <span class='ocrx_word' id='word_1_61' title='bbox 848 2068 961 2136; x_wconf 91' lang='lat' dir='ltr'>multis</span> <span class='ocrx_word' id='word_1_62' title='bbox 974 2069 1059 2136; x_wconf 91' lang='lat' dir='ltr'>locis</span> <span class='ocrx_word' id='word_1_63' title='bbox 1073 2069 1176 2138; x_wconf 90' lang='lat' dir='ltr'>valde</span> <span class='ocrx_word' id='word_1_64' title='bbox 1189 2092 1328 2161; x_wconf 91' lang='lat' dir='ltr'>corrup·</span> 
     </span>
     <span class='ocr_line' id='line_1_11' title="bbox 155 2175 1328 2264; baseline 0.001 -20"><span class='ocrx_word' id='word_1_65' title='bbox 155 2190 211 2245; x_wconf 91' lang='lat' dir='ltr'>tus</span> <span class='ocrx_word' id='word_1_66' title='bbox 230 2190 284 2245; x_wconf 90' lang='lat' dir='ltr'>est</span> <span class='ocrx_word' id='word_1_67' title='bbox 303 2176 468 2264; x_wconf 90' lang='lat' dir='ltr'>imprimis</span> <span class='ocrx_word' id='word_1_68' title='bbox 489 2175 641 2243; x_wconf 93' lang='lat' dir='ltr'>Nubium</span> <span class='ocrx_word' id='word_1_69' title='bbox 663 2175 763 2243; x_wconf 88' lang='lat' dir='ltr'>Pacis</span> <span class='ocrx_word' id='word_1_70' title='bbox 782 2175 880 2243; x_wconf 91' lang='lat' dir='ltr'>Pluti.</span> <span class='ocrx_word' id='word_1_71' title='bbox 947 2175 1120 2245; x_wconf 90' lang='lat' dir='ltr'>Omnibus</span> <span class='ocrx_word' id='word_1_72' title='bbox 1141 2189 1255 2245; x_wconf 89' lang='lat' dir='ltr'>autem</span> <span class='ocrx_word' id='word_1_73' title='bbox 1278 2200 1328 2245; x_wconf 93' lang='lat' dir='ltr'>ar·</span> 
     </span>
     <span class='ocr_line' id='line_1_12' title="bbox 154 2281 1329 2371; baseline 0.001 -20"><span class='ocrx_word' id='word_1_74' title='bbox 154 2284 328 2368; x_wconf 84' lang='lat' dir='ltr'>gumentis</span> <span class='ocrx_word' id='word_1_75' title='bbox 339 2283 436 2352; x_wconf 88' lang='lat' dir='ltr'>denis</span> <span class='ocrx_word' id='word_1_76' title='bbox 448 2282 610 2350; x_wconf 87' lang='lat' dir='ltr'>versibus</span> <span class='ocrx_word' id='word_1_77' title='bbox 624 2281 755 2349; x_wconf 88' lang='lat' dir='ltr'>exiliter</span> <span class='ocrx_word' id='word_1_78' title='bbox 769 2304 809 2349; x_wconf 88' lang='lat' dir='ltr'>ea</span> <span class='ocrx_word' id='word_1_79' title='bbox 822 2297 1016 2365; x_wconf 81' lang='lat' dir='ltr'>narrantur,</span> <span class='ocrx_word' id='word_1_80' title='bbox 1036 2305 1124 2371; x_wconf 89' lang='lat' dir='ltr'>quae</span> <span class='ocrx_word' id='word_1_81' title='bbox 1138 2283 1329 2353; x_wconf 92' lang='lat' dir='ltr'>comoediis</span> 
     </span>
     <span class='ocr_line' id='line_1_13' title="bbox 153 2388 1330 2478; baseline 0.002 -20"><span class='ocrx_word' id='word_1_82' title='bbox 153 2389 298 2478; x_wconf 85' lang='lat' dir='ltr'>singulis</span> <span class='ocrx_word' id='word_1_83' title='bbox 316 2390 549 2470; x_wconf 86' lang='lat' dir='ltr'>continentur;</span> <span class='ocrx_word' id='word_1_84' title='bbox 568 2410 644 2456; x_wconf 91' lang='lat' dir='ltr'>cum</span> <span class='ocrx_word' id='word_1_85' title='bbox 662 2410 748 2455; x_wconf 88' lang='lat' dir='ltr'>vero</span> <span class='ocrx_word' id='word_1_86' title='bbox 766 2388 880 2456; x_wconf 90' lang='lat' dir='ltr'>omnia</span> <span class='ocrx_word' id='word_1_87' title='bbox 896 2401 931 2457; x_wconf 90' lang='lat' dir='ltr'>et</span> <span class='ocrx_word' id='word_1_88' title='bbox 948 2411 1113 2458; x_wconf 89' lang='lat' dir='ltr'>versuum</span> <span class='ocrx_word' id='word_1_89' title='bbox 1131 2413 1276 2459; x_wconf 90' lang='lat' dir='ltr'>numero</span> <span class='ocrx_word' id='word_1_90' title='bbox 1294 2404 1330 2460; x_wconf 93' lang='lat' dir='ltr'>et</span> 
     </span>
     <span class='ocr_line' id='line_1_14' title="bbox 153 2495 1327 2584; baseline 0 -18"><span class='ocrx_word' id='word_1_91' title='bbox 153 2496 231 2566; x_wconf 90' lang='lat' dir='ltr'>stilo</span> <span class='ocrx_word' id='word_1_92' title='bbox 246 2508 451 2584; x_wconf 88' lang='lat' dir='ltr'>congruant,</span> <span class='ocrx_word' id='word_1_93' title='bbox 476 2496 533 2562; x_wconf 92' lang='lat' dir='ltr'>uni</span> <span class='ocrx_word' id='word_1_94' title='bbox 557 2495 689 2562; x_wconf 90' lang='lat' dir='ltr'>auctori</span> <span class='ocrx_word' id='word_1_95' title='bbox 713 2517 792 2563; x_wconf 87' lang='lat' dir='ltr'>esse</span> <span class='ocrx_word' id='word_1_96' title='bbox 809 2497 1026 2563; x_wconf 88' lang='lat' dir='ltr'>attribuenda</span> <span class='ocrx_word' id='word_1_97' title='bbox 1050 2497 1327 2566; x_wconf 91' lang='lat' dir='ltr'>concludendum</span> 
     </span>
     <span class='ocr_line' id='line_1_15' title="bbox 154 2602 1327 2694; baseline 0.003 -23"><span class='ocrx_word' id='word_1_98' title='bbox 154 2626 233 2672; x_wconf 90' lang='lat' dir='ltr'>esse</span> <span class='ocrx_word' id='word_1_99' title='bbox 249 2603 421 2672; x_wconf 77' lang='lat' dir='ltr'>existimo,</span> <span class='ocrx_word' id='word_1_100' title='bbox 447 2602 598 2669; x_wconf 91' lang='lat' dir='ltr'>Primum</span> <span class='ocrx_word' id='word_1_101' title='bbox 617 2614 730 2669; x_wconf 88' lang='lat' dir='ltr'>autem</span> <span class='ocrx_word' id='word_1_102' title='bbox 746 2624 796 2684; x_wconf 88' lang='lat' dir='ltr'>ea,</span> <span class='ocrx_word' id='word_1_103' title='bbox 814 2624 903 2689; x_wconf 89' lang='lat' dir='ltr'>quae</span> <span class='ocrx_word' id='word_1_104' title='bbox 919 2603 963 2670; x_wconf 90' lang='lat' dir='ltr'>ad</span> <span class='ocrx_word' id='word_1_105' title='bbox 976 2604 1215 2672; x_wconf 88' lang='lat' dir='ltr'>recensionem</span> <span class='ocrx_word' id='word_1_106' title='bbox 1231 2627 1327 2694; x_wconf 90' lang='lat' dir='ltr'>spec-</span> 
     </span>
     <span class='ocr_line' id='line_1_16' title="bbox 154 2710 1329 2799; baseline 0.001 -20"><span class='ocrx_word' id='word_1_107' title='bbox 154 2723 236 2793; x_wconf 89' lang='lat' dir='ltr'>tant,</span> <span class='ocrx_word' id='word_1_108' title='bbox 268 2710 434 2782; x_wconf 83' lang='lat' dir='ltr'>dicentur.</span> <span class='ocrx_word' id='word_1_109' title='bbox 490 2710 690 2777; x_wconf 88' lang='lat' dir='ltr'>Notandum</span> <span class='ocrx_word' id='word_1_110' title='bbox 722 2723 776 2777; x_wconf 89' lang='lat' dir='ltr'>cst</span> <span class='ocrx_word' id='word_1_111' title='bbox 806 2711 851 2793; x_wconf 91' lang='lat' dir='ltr'>id,</span> <span class='ocrx_word' id='word_1_112' title='bbox 884 2711 977 2798; x_wconf 93' lang='lat' dir='ltr'>quod</span> <span class='ocrx_word' id='word_1_113' title='bbox 1008 2713 1200 2799; x_wconf 87' lang='lat' dir='ltr'>permultos</span> <span class='ocrx_word' id='word_1_114' title='bbox 1233 2712 1329 2781; x_wconf 90' lang='lat' dir='ltr'>viros</span> 
     </span>
     <span class='ocr_line' id='line_1_17' title="bbox 154 2816 1325 2904; baseline 0.001 -18"><span class='ocrx_word' id='word_1_115' title='bbox 154 2820 277 2886; x_wconf 91' lang='lat' dir='ltr'>doctos</span> <span class='ocrx_word' id='word_1_116' title='bbox 303 2816 469 2904; x_wconf 86' lang='lat' dir='ltr'>effugisse</span> <span class='ocrx_word' id='word_1_117' title='bbox 486 2817 632 2897; x_wconf 83' lang='lat' dir='ltr'>videtur,</span> <span class='ocrx_word' id='word_1_118' title='bbox 658 2816 772 2883; x_wconf 90' lang='lat' dir='ltr'>omnia</span> <span class='ocrx_word' id='word_1_119' title='bbox 788 2831 994 2904; x_wconf 83' lang='lat' dir='ltr'>argumenta</span> <span class='ocrx_word' id='word_1_120' title='bbox 1011 2818 1044 2885; x_wconf 91' lang='lat' dir='ltr'>in</span> <span class='ocrx_word' id='word_1_121' title='bbox 1062 2819 1239 2887; x_wconf 89' lang='lat' dir='ltr'>codicibus</span> <span class='ocrx_word' id='word_1_122' title='bbox 1256 2841 1325 2886; x_wconf 91' lang='lat' dir='ltr'>non</span> 
     </span>
     <span class='ocr_line' id='line_1_18' title="bbox 153 2923 1328 3016; baseline 0.002 -23"><span class='ocrx_word' id='word_1_123' title='bbox 153 2925 186 2993; x_wconf 92' lang='lat' dir='ltr'>in</span> <span class='ocrx_word' id='word_1_124' title='bbox 211 2946 336 2993; x_wconf 92' lang='lat' dir='ltr'>versus</span> <span class='ocrx_word' id='word_1_125' title='bbox 370 2923 538 3012; x_wconf 87' lang='lat' dir='ltr'>disposita</span> <span class='ocrx_word' id='word_1_126' title='bbox 569 2945 658 3005; x_wconf 88' lang='lat' dir='ltr'>esse,</span> <span class='ocrx_word' id='word_1_127' title='bbox 692 2925 753 2991; x_wconf 91' lang='lat' dir='ltr'>sed</span> <span class='ocrx_word' id='word_1_128' title='bbox 787 2924 818 2990; x_wconf 93' lang='lat' dir='ltr'>in</span> <span class='ocrx_word' id='word_1_129' title='bbox 844 2926 984 2992; x_wconf 92' lang='lat' dir='ltr'>modum</span> <span class='ocrx_word' id='word_1_130' title='bbox 1010 2926 1175 2994; x_wconf 90' lang='lat' dir='ltr'>orationis</span> <span class='ocrx_word' id='word_1_131' title='bbox 1199 2949 1328 3016; x_wconf 87' lang='lat' dir='ltr'>prosae</span> 
     </span>
     <span class='ocr_line' id='line_1_19' title="bbox 153 3031 1325 3120; baseline 0 -20"><span class='ocrx_word' id='word_1_132' title='bbox 153 3032 291 3120; x_wconf 89' lang='lat' dir='ltr'>scripta.</span> <span class='ocrx_word' id='word_1_133' title='bbox 339 3031 458 3120; x_wconf 85' lang='lat' dir='ltr'>Atque</span> <span class='ocrx_word' id='word_1_134' title='bbox 475 3054 552 3098; x_wconf 92' lang='lat' dir='ltr'>cum</span> <span class='ocrx_word' id='word_1_135' title='bbox 569 3031 659 3098; x_wconf 90' lang='lat' dir='ltr'>inter</span> <span class='ocrx_word' id='word_1_136' title='bbox 674 3031 805 3098; x_wconf 86' lang='lat' dir='ltr'>scholia</span> <span class='ocrx_word' id='word_1_137' title='bbox 820 3044 1094 3114; x_wconf 85' lang='lat' dir='ltr'>numerarentur,</span> <span class='ocrx_word' id='word_1_138' title='bbox 1119 3033 1241 3100; x_wconf 94' lang='lat' dir='ltr'>mirum</span> <span class='ocrx_word' id='word_1_139' title='bbox 1256 3055 1325 3101; x_wconf 91' lang='lat' dir='ltr'>non</span> 
     </span>
     <span class='ocr_line' id='line_1_20' title="bbox 153 3139 1328 3227; baseline -0.001 -19"><span class='ocrx_word' id='word_1_140' title='bbox 153 3152 215 3221; x_wconf 88' lang='lat' dir='ltr'>est,</span> <span class='ocrx_word' id='word_1_141' title='bbox 252 3152 289 3206; x_wconf 91' lang='lat' dir='ltr'>ut</span> <span class='ocrx_word' id='word_1_142' title='bbox 317 3161 436 3206; x_wconf 91' lang='lat' dir='ltr'>eorum</span> <span class='ocrx_word' id='word_1_143' title='bbox 467 3150 582 3206; x_wconf 85' lang='lat' dir='ltr'>textus</span> <span class='ocrx_word' id='word_1_144' title='bbox 611 3139 765 3225; x_wconf 85' lang='lat' dir='ltr'>graviter</span> <span class='ocrx_word' id='word_1_145' title='bbox 792 3151 977 3227; x_wconf 93' lang='lat' dir='ltr'>corruptus</span> <span class='ocrx_word' id='word_1_146' title='bbox 1005 3139 1057 3211; x_wconf 86' lang='lat' dir='ltr'>sit.</span> <span class='ocrx_word' id='word_1_147' title='bbox 1106 3140 1328 3223; x_wconf 84' lang='lat' dir='ltr'>Argumenta</span> 
     </span>
     <span class='ocr_line' id='line_1_21' title="bbox 153 3244 1325 3334; baseline -0.001 -20"><span class='ocrx_word' id='word_1_148' title='bbox 153 3245 430 3314; x_wconf 87' lang='lat' dir='ltr'>Acharnensium</span> <span class='ocrx_word' id='word_1_149' title='bbox 445 3244 660 3333; x_wconf 87' lang='lat' dir='ltr'>Lysistratae</span> <span class='ocrx_word' id='word_1_150' title='bbox 674 3247 749 3312; x_wconf 91' lang='lat' dir='ltr'>solo</span> <span class='ocrx_word' id='word_1_151' title='bbox 763 3245 794 3311; x_wconf 90' lang='lat' dir='ltr'>in</span> <span class='ocrx_word' id='word_1_152' title='bbox 810 3245 930 3313; x_wconf 87' lang='lat' dir='ltr'>codice</span> <span class='ocrx_word' id='word_1_153' title='bbox 943 3245 984 3327; x_wconf 89' lang='lat' dir='ltr'>R,</span> <span class='ocrx_word' id='word_1_154' title='bbox 1009 3260 1213 3333; x_wconf 89' lang='lat' dir='ltr'>argumenta</span> <span class='ocrx_word' id='word_1_155' title='bbox 1226 3245 1325 3334; x_wconf 86' lang='lat' dir='ltr'>Equi·</span> 
     </span>
     <span class='ocr_line' id='line_1_22' title="bbox 152 3352 1326 3442; baseline -0.002 -20"><span class='ocrx_word' id='word_1_156' title='bbox 152 3367 224 3423; x_wconf 95' lang='lat' dir='ltr'>tum</span> <span class='ocrx_word' id='word_1_157' title='bbox 242 3353 392 3422; x_wconf 93' lang='lat' dir='ltr'>Nubium</span> <span class='ocrx_word' id='word_1_158' title='bbox 412 3353 511 3421; x_wconf 89' lang='lat' dir='ltr'>Pacis</span> <span class='ocrx_word' id='word_1_159' title='bbox 528 3352 616 3420; x_wconf 88' lang='lat' dir='ltr'>Pluti</span> <span class='ocrx_word' id='word_1_160' title='bbox 632 3354 708 3419; x_wconf 91' lang='lat' dir='ltr'>solo</span> <span class='ocrx_word' id='word_1_161' title='bbox 726 3354 757 3419; x_wconf 92' lang='lat' dir='ltr'>in</span> <span class='ocrx_word' id='word_1_162' title='bbox 776 3352 896 3420; x_wconf 88' lang='lat' dir='ltr'>codice</span> <span class='ocrx_word' id='word_1_163' title='bbox 910 3352 951 3434; x_wconf 87' lang='lat' dir='ltr'>V,</span> <span class='ocrx_word' id='word_1_164' title='bbox 977 3366 1183 3441; x_wconf 88' lang='lat' dir='ltr'>argumenta</span> <span class='ocrx_word' id='word_1_165' title='bbox 1196 3352 1326 3442; x_wconf 88' lang='lat' dir='ltr'>Vespa-</span> 
     </span>
     <span class='ocr_line' id='line_1_23' title="bbox 152 3459 1327 3548; baseline -0.002 -21"><span class='ocrx_word' id='word_1_166' title='bbox 152 3483 227 3529; x_wconf 92' lang='lat' dir='ltr'>rum</span> <span class='ocrx_word' id='word_1_167' title='bbox 253 3460 382 3527; x_wconf 86' lang='lat' dir='ltr'>Avium</span> <span class='ocrx_word' id='word_1_168' title='bbox 397 3460 645 3548; x_wconf 88' lang='lat' dir='ltr'>Ranarumque</span> <span class='ocrx_word' id='word_1_169' title='bbox 670 3459 702 3525; x_wconf 93' lang='lat' dir='ltr'>in</span> <span class='ocrx_word' id='word_1_170' title='bbox 726 3472 876 3547; x_wconf 90' lang='lat' dir='ltr'>utroque</span> <span class='ocrx_word' id='word_1_171' title='bbox 902 3460 1020 3527; x_wconf 89' lang='lat' dir='ltr'>codice</span> <span class='ocrx_word' id='word_1_172' title='bbox 1045 3471 1181 3527; x_wconf 85' lang='lat' dir='ltr'>exstant</span> <span class='ocrx_word' id='word_1_173' title='bbox 1189 3482 1197 3540; x_wconf 90' lang='lat'>;</span> <span class='ocrx_word' id='word_1_174' title='bbox 1222 3481 1327 3547; x_wconf 88' lang='lat' dir='ltr'>argu-</span> 
     </span>
     <span class='ocr_line' id='line_1_24' title="bbox 152 3565 1325 3634; baseline -0.001 0"><span class='ocrx_word' id='word_1_175' title='bbox 152 3579 303 3634; x_wconf 89' lang='lat' dir='ltr'>mentum</span> <span class='ocrx_word' id='word_1_176' title='bbox 332 3578 443 3634; x_wconf 89' lang='lat' dir='ltr'>autem</span> <span class='ocrx_word' id='word_1_177' title='bbox 462 3565 778 3634; x_wconf 87' lang='lat' dir='ltr'>Ecclesiazusarum</span> <span class='ocrx_word' id='word_1_178' title='bbox 803 3567 878 3633; x_wconf 91' lang='lat' dir='ltr'>solo</span> <span class='ocrx_word' id='word_1_179' title='bbox 904 3567 936 3633; x_wconf 92' lang='lat' dir='ltr'>in</span> <span class='ocrx_word' id='word_1_180' title='bbox 955 3565 1075 3633; x_wconf 92' lang='lat' dir='ltr'>codice</span> <span class='ocrx_word' id='word_1_181' title='bbox 1092 3565 1325 3633; x_wconf 90' lang='lat' dir='ltr'>Laurentiano</span> 
     </span>
     <span class='ocr_line' id='line_1_25' title="bbox 152 3671 993 3760; baseline 0 -21"><span class='ocrx_word' id='word_1_182' title='bbox 152 3676 176 3739; x_wconf 87' lang='grc' dir='ltr'>Γ</span> <span class='ocrx_word' id='word_1_183' title='bbox 200 3674 326 3742; x_wconf 88' lang='lat' dir='ltr'>saeculi</span> <span class='ocrx_word' id='word_1_184' title='bbox 352 3673 463 3760; x_wconf 92' lang='lat' dir='ltr'>quarti</span> <span class='ocrx_word' id='word_1_185' title='bbox 488 3671 610 3739; x_wconf 93' lang='lat' dir='ltr'>decimi</span> <span class='ocrx_word' id='word_1_186' title='bbox 632 3671 797 3759; x_wconf 90' lang='lat' dir='ltr'>scriptum</span> <span class='ocrx_word' id='word_1_187' title='bbox 821 3673 993 3740; x_wconf 89' lang='lat' dir='ltr'>videmus.</span> 
     </span>
    </p>

    <p class='ocr_par' dir='ltr' id='par_1_4' title="bbox 151 3779 1325 4082">
     <span class='ocr_line' id='line_1_26' title="bbox 242 3779 1325 3868; baseline 0.001 -22"><span class='ocrx_word' id='word_1_188' title='bbox 242 3779 371 3847; x_wconf 88' lang='lat' dir='ltr'>Ordiar</span> <span class='ocrx_word' id='word_1_189' title='bbox 384 3781 427 3846; x_wconf 89' lang='lat' dir='ltr'>ab</span> <span class='ocrx_word' id='word_1_190' title='bbox 441 3790 647 3866; x_wconf 87' lang='lat' dir='ltr'>argumento</span> <span class='ocrx_word' id='word_1_191' title='bbox 662 3780 948 3848; x_wconf 87' lang='lat' dir='ltr'>Acharnensium.</span> <span class='ocrx_word' id='word_1_192' title='bbox 986 3779 1111 3868; x_wconf 88' lang='lat' dir='ltr'>Neque</span> <span class='ocrx_word' id='word_1_193' title='bbox 1124 3802 1193 3847; x_wconf 94' lang='lat' dir='ltr'>non</span> <span class='ocrx_word' id='word_1_194' title='bbox 1206 3801 1325 3868; x_wconf 91' lang='lat' dir='ltr'>super·</span> 
     </span>
     <span class='ocr_line' id='line_1_27' title="bbox 151 3886 1325 3974; baseline 0.001 -20"><span class='ocrx_word' id='word_1_195' title='bbox 151 3909 343 3955; x_wconf 88' lang='lat' dir='ltr'>vacaneum</span> <span class='ocrx_word' id='word_1_196' title='bbox 360 3907 438 3953; x_wconf 88' lang='lat' dir='ltr'>esse</span> <span class='ocrx_word' id='word_1_197' title='bbox 453 3898 538 3973; x_wconf 91' lang='lat' dir='ltr'>puto</span> <span class='ocrx_word' id='word_1_198' title='bbox 554 3886 697 3974; x_wconf 88' lang='lat' dir='ltr'>singulis</span> <span class='ocrx_word' id='word_1_199' title='bbox 714 3887 746 3953; x_wconf 93' lang='lat' dir='ltr'>in</span> <span class='ocrx_word' id='word_1_200' title='bbox 763 3886 977 3974; x_wconf 87' lang='lat' dir='ltr'>argumentis</span> <span class='ocrx_word' id='word_1_201' title='bbox 994 3887 1182 3955; x_wconf 91' lang='lat' dir='ltr'>tractandis</span> <span class='ocrx_word' id='word_1_202' title='bbox 1204 3908 1325 3955; x_wconf 91' lang='lat' dir='ltr'>eorum</span> 
     </span>
     <span class='ocr_line' id='line_1_28' title="bbox 152 4004 475 4082; baseline 0.003 -20"><span class='ocrx_word' id='word_1_203' title='bbox 152 4008 281 4062; x_wconf 87' lang='lat' dir='ltr'>textum</span> <span class='ocrx_word' id='word_1_204' title='bbox 308 4004 475 4082; x_wconf 87' lang='lat' dir='ltr'>repetere.</span> 
     </span>
    </p>
   </div>
   <div class='ocr_carea' id='block_1_3' title="bbox 275 4192 1178 4386">
    <p class='ocr_par' dir='ltr' id='par_1_5' title="bbox 275 4192 1178 4386">
     <span class='ocr_line' id='line_1_29' title="bbox 275 4192 917 4278; baseline 0 -24"><span class='ocrx_word' id='word_1_205' title='bbox 275 4192 460 4275; x_wconf 77' lang='grc' dir='ltr'>Ἐκκλησὶας</span> <span class='ocrx_word' id='word_1_206' title='bbox 484 4192 578 4275; x_wconf 78' lang='grc' dir='ltr'>οὔσης</span> <span class='ocrx_word' id='word_1_207' title='bbox 601 4194 805 4278; x_wconf 66' lang='grc' dir='ltr'>παραγίνονταί</span> <span class='ocrx_word' id='word_1_208' title='bbox 828 4215 917 4268; x_wconf 78' lang='grc' dir='ltr'>τινες,</span> 
     </span>
     <span class='ocr_line' id='line_1_30' title="bbox 279 4298 1178 4386; baseline -0.001 -24"><span class='ocrx_word' id='word_1_209' title='bbox 279 4298 416 4386; x_wconf 78' lang='grc' dir='ltr'>πρέσβεις</span> <span class='ocrx_word' id='word_1_210' title='bbox 440 4300 518 4386; x_wconf 79' lang='grc' dir='ltr'>παρὰ</span> <span class='ocrx_word' id='word_1_211' title='bbox 541 4298 664 4385; x_wconf 78' lang='grc' dir='ltr'>Περσῶν</span> <span class='ocrx_word' id='word_1_212' title='bbox 688 4299 734 4361; x_wconf 82' lang='grc' dir='ltr'>καὶ</span> <span class='ocrx_word' id='word_1_213' title='bbox 757 4301 835 4386; x_wconf 82' lang='grc' dir='ltr'>παρὰ</span> <span class='ocrx_word' id='word_1_214' title='bbox 858 4298 1028 4373; x_wconf 70' lang='grc' dir='ltr'>Σιτάλκους</span> <span class='ocrx_word' id='word_1_215' title='bbox 1050 4300 1178 4378; x_wconf 62' lang='lat' dir='ltr'>(ndito),</span> 
     </span>
    </p>
   </div>
   <div class='ocr_carea' id='block_1_4' title="bbox 0 0 1524 5010">
    <p class='ocr_par' dir='ltr' id='par_1_6' title="bbox 0 0 1524 5010">
     <span class='ocr_line' id='line_1_31' title="bbox 0 0 1524 5010; baseline 0 1"><span class='ocrx_word' id='word_1_216' title='bbox 0 0 1524 5010; x_wconf 95' lang='lat' dir='ltr'> </span> 
     </span>
    </p>
   </div>
  </div>
 </body>
</html>
