3038 5010
670 459 888 525 „41-

281 639 399 724 Atque
415 636 499 703 haec
521 636 698 702 hactenus.
748 633 801 701 De
826 645 937 700 metro
962 644 1075 699 autem
1102 632 1202 699 huius
1226 631 1365 720 prologi

192 745 431 813 disserendum
457 744 531 825 erit,
557 744 584 810 si
610 744 794 832 prologum
820 743 964 809 alterum
989 739 1201 829 interpretati
1225 739 1364 808 erimus.

192 851 299 920 Cuius
315 851 451 940 prologi
469 850 595 919 initium
616 849 750 916 difficile
768 860 820 916 est
832 848 1014 927 intellectu,
1041 848 1133 937 quod
1160 851 1268 914 verba
1285 849 1365 937 ἱερὸς

191 964 204 1022 ὁ
227 963 324 1045 δῆμος
348 959 431 1025 satis
457 959 607 1027 obscure
630 968 711 1024 sunt
732 957 831 1023 dicta.
881 954 1020 1023 Croiset
1043 953 1137 1022 initio
1163 953 1263 1022 huius
1288 976 1363 1042 pro-

190 1067 260 1154 logi
284 1068 384 1134 talem
410 1066 482 1132 lere
507 1087 646 1132 versum
672 1063 893 1152 praemittere
918 1062 1006 1130 vult:

393 1172 451 1239 Ὃν
476 1173 573 1238 ἐνθάδ’
598 1176 695 1261 ὁρᾶτε,
720 1172 839 1260 Πάφιος
863 1175 953 1246 οὗτος
977 1170 1038 1237 ἐστ’
1064 1174 1134 1255 ἐμοῦ

404 1284 485 1369 ἱερὸς
509 1284 522 1343 ὁ
546 1284 657 1364 δῆμος.
866 1353 867 1356 ¹
968 1263 973 1273 ι

189 1387 260 1456 Sed
279 1388 310 1454 in
329 1389 448 1455 charta
472 1387 551 1454 nihil
577 1389 702 1454 deesse
727 1387 943 1455 manifestum
969 1401 1022 1454 est
1031 1410 1039 1468 ;
1066 1398 1101 1453 ut
1118 1387 1271 1453 omittam
1288 1408 1362 1451 ver·

189 1517 263 1563 sum
297 1495 387 1563 illum
420 1519 534 1583 neque
564 1518 642 1563 cum
667 1496 816 1584 prologo
846 1495 962 1583 priore
988 1518 1100 1585 neque
1125 1516 1202 1561 cum
1227 1493 1363 1560 fabulae

189 1603 338 1691 reliquiis
371 1625 578 1689 congruere.
633 1603 843 1670 Coniectura
879 1602 1025 1691 primum
1061 1623 1199 1669 versum
1237 1623 1363 1668 sanare

189 1723 333 1776 conatus
359 1724 410 1776 est
427 1709 600 1777 Henricus
619 1709 721 1791 Weil,
749 1709 805 1798 qui
831 1732 894 1798 pro
919 1712 999 1798 ἱερὸς
1022 1712 1035 1772 ὁ
1059 1712 1156 1795 δῆμος
1180 1708 1363 1798 proposuit

183 1815 303 1906 Ἵμερος
327 1817 368 1882 oh’
393 1819 487 1901 οὑμός
512 1803 536 1884 iss
556 1841 585 1884 e.
610 1817 726 1903 lingua
753 1818 955 1884 vernacula:
996 1816 1101 1901 „Hier
1124 1819 1166 1885 ist
1191 1817 1280 1884 mein
1306 1816 1361 1884 Hi-

188 1946 313 2005 meros
339 1923 518 2012 diejenige,
556 1924 610 1990 die
635 1925 774 2011 spricht,
799 1923 855 1990 bin
881 1923 945 2003 ich,
970 1923 1132 2012 Kypris.“
1183 1923 1360 1991 Himerum

187 2031 274 2098 enim
309 2054 388 2099 esse
425 2033 583 2099 comitem
609 2031 756 2099 Veneris
779 2031 1026 2120 sempiternum
1062 2032 1226 2099 admonet
1258 2031 1360 2100 Weil.

188 2139 258 2206 Sed
276 2162 352 2206 mea
370 2139 507 2228 quidem
526 2139 694 2206 sententia
713 2139 931 2206 coniecturae
955 2138 1088 2206 illorum
1114 2140 1268 2206 virorum
1282 2140 1361 2207 doc-

186 2258 300 2313 torum
333 2261 413 2314 sunt
445 2269 737 2335 supervacaneae.
785 2246 953 2335 Equidem
986 2260 1070 2335 puto
1095 2248 1212 2315 verbis
1243 2250 1361 2337 ἱερόςό

185 2356 282 2438 δῆμος
305 2376 379 2434 eos,
405 2355 461 2440 qui
486 2365 644 2442 spectant
668 2368 726 2421 aut
749 2355 869 2441 legunt
894 2354 980 2421 hanc
1006 2354 1233 2437 comoediam,
1259 2345 1360 2442 signi-

186 2460 281 2526 ficari
304 2463 481 2549 populum,
512 2462 568 2548 qui
593 2484 692 2529 sacer
717 2475 770 2529 est
793 2463 861 2529 deo
887 2461 1056 2549 Dionyso
1082 2464 1148 2530 sub
1183 2463 1278 2530 cuius
1312 2475 1359 2530 tu-

187 2568 251 2634 tela
283 2583 315 2635 et
347 2569 379 2635 in
410 2569 506 2636 cuius
536 2571 703 2637 honorem
729 2569 865 2637 fabulae
890 2583 1050 2657 aguntur.
1098 2569 1262 2638 Similiter
1285 2570 1358 2638 Pin·

187 2675 291 2742 darus
315 2676 486 2759 significat
510 2677 697 2744 certamina
721 2680 832 2744 verbo
857 2682 933 2767 lepor,
960 2679 999 2749 cf.
1026 2678 1067 2751 N.
1094 2679 1120 2745 ll
1156 2702 1194 2766 4:

729 2788 775 2849 rui
800 2787 840 2850 ὁδ’
866 2792 940 2875 ἁνήρ

582 2894 752 2978 καταβολὰν
776 2897 860 2983 ἱερῶν
885 2899 961 2979 cirot-

697 3027 755 3063 νων
779 3005 950 3089 νικαφορίας
973 3003 1119 3080 dederetur,

185 3106 264 3173 item
290 3106 332 3173 N.
358 3107 414 3188 Vl,
439 3129 484 3197 59
507 3119 541 3174 et
565 3107 609 3174 O.
638 3107 723 3186 Vlll,
748 3114 802 3194 64,
838 3121 876 3174 ut
910 3107 1035 3174 indicet
1067 3109 1252 3175 certamina
1284 3109 1357 3177 deis

185 3235 262 3280 esse
293 3235 401 3282 sacra.
452 3214 581 3281 Vocem
615 3227 728 3280 autem
759 3217 840 3302 ἱερός
875 3214 928 3280 illa
952 3213 1258 3300 significationem
1283 3239 1356 3304 per·

184 3342 289 3387 sonas
321 3322 461 3387 relatam
487 3321 680 3388 invenimus
705 3321 735 3387 in
763 3321 1007 3410 Aristophanis
1031 3321 1207 3404 Ranarum
1233 3345 1266 3394 v,
1291 3326 1356 3412 675

184 3450 253 3516 quo
282 3428 360 3494 loco
385 3428 501 3495 verbis
532 3431 614 3517 χοροὶ
638 3432 707 3518 ἱεροί
731 3431 859 3497 chorus
884 3430 1057 3517 mysteriis
1082 3429 1230 3497 initiatus
1255 3430 1356 3518 signi·

183 3534 314 3603 ficatur.
362 3534 434 3603 Sed
463 3558 507 3601 ex
531 3536 645 3602 multis
670 3537 836 3625 exemplis
861 3537 914 3603 illa
939 3537 1092 3604 attulisse
1117 3539 1203 3604 satis·
1225 3538 1288 3605 erit
1312 3540 1355 3605 ad

184 3665 281 3709 usum
314 3643 405 3709 illum
431 3644 528 3711 vocis
560 3647 640 3732 ἱερός
664 3645 913 3711 illustrandum.
962 3645 1041 3712 Meo
1066 3647 1205 3733 quidem
1230 3646 1355 3714 iudicio

183 3749 278 3815 facile
297 3751 362 3816 hoc
379 3752 457 3817 loco
474 3751 652 3818 subaudiri
669 3766 802 3839 potest:
828 3756 908 3841 ἱερὸς
924 3756 938 3816 ὁ
954 3757 1051 3839 δῆμος
1074 3757 1135 3832 (διὰ
1158 3755 1238 3818 τοῦτ’
1264 3758 1355 3843 εὐφη-

183 3866 285 3939 μεῖτε).
335 3858 379 3923 lta
397 3857 485 3923 enim
505 3881 610 3946 saepe
634 3859 672 3938 is,
698 3859 756 3945 qui
780 3861 965 3947 prologum
991 3861 1199 3948 pronuntiat,
1224 3876 1354 3950 specta·

182 3975 276 4031 tores
301 3965 516 4041 adhortatur,
554 3979 590 4032 ut
614 3990 657 4032 ex
682 3968 839 4054 prologis
865 3968 1028 4035 Plautinis
1054 3969 1287 4055 cognoscitur,
1313 3953 1382 4037 ct'

182 4092 314 4157 quaeso
340 4096 372 4140 v.
398 4095 419 4160 3
444 4073 580 4160 prologi
606 4074 748 4141 Poenuli
774 4074 930 4156 Plautini,
955 4075 1012 4141 ubi
1036 4076 1201 4163 legimus:

289 4177 486 4267 „Sileteque
510 4193 544 4246 et
568 4192 679 4247 tacete
704 4193 809 4268 atque
834 4181 983 4248 animum
1010 4182 1181 4249 advortite
1190 4190 1219 4264 ;“

181 4285 236 4350 vel
260 4306 293 4355 V.
320 4306 362 4374 15
387 4286 524 4374 prologi
549 4287 822 4375 Amphitruonis.
