3038 5010
192 446 211 506 s
714 430 804 516 [ms]

191 638 308 714 careat,
332 652 402 694 cum
424 633 649 712 compensetur
664 624 743 690 arsis
758 624 839 688 thesi
856 624 1076 709 praecedentis
1093 624 1182 710 pedis
1198 627 1325 710 prolon-

191 744 276 822 gata,
301 736 355 820 qui
376 754 439 797 uua
454 753 542 796 mora
560 731 620 795 hoc
635 729 731 794 modo
748 735 912 812 augeatur,
936 751 999 813 qua
1014 750 1103 792 mora
1118 751 1175 814 pes
1191 751 1326 815 sequens

192 847 308 907 careat.
353 837 502 922 Exempli
524 836 627 920 gratia
651 857 691 898 ex
706 855 801 898 versu
823 833 983 897 trochaico
1007 872 1047 880 —
1066 875 1084 905 υ
1103 834 1106 918 l
1128 872 1168 880 —
1187 873 1206 906 o
1225 832 1228 918 l
1249 873 1290 883 -
1309 875 1326 906 o

192 946 318 1012 sublata
338 943 399 1007 arsi
421 940 560 1007 secunda
576 939 732 1024 proficisci
755 976 794 984 -
814 976 831 1009 o
851 935 855 1023 l
876 965 917 988 -ε
937 936 941 1019 l
962 973 1000 981 -
1020 970 1046 1016 u,
1065 959 1135 1002 cum
1157 961 1325 1025 suppressa

194 1051 273 1115 arsis
288 1051 371 1113 intra
384 1046 520 1110 eundem
532 1044 647 1127 pedem
661 1050 898 1129 compensetur;
917 1049 1027 1108 contra
1042 1043 1074 1105 in
1090 1044 1223 1108 iambico
1241 1085 1258 1114 υ
1271 1040 1324 1126 -l

191 1197 209 1228 υ
230 1195 267 1206 -
286 1153 290 1235 l
310 1195 328 1224 υ
347 1190 396 1229 -‚
419 1150 445 1214 si
468 1147 611 1212 secunda
633 1147 695 1211 arsi
710 1155 887 1232 syncopata
903 1169 966 1212 una
981 1169 1071 1212 mora
1090 1147 1226 1212 addatur
1242 1149 1323 1212 thesi

191 1256 396 1345 praecedenti
419 1251 448 1336 (o
467 1278 507 1304 -1
528 1251 531 1334 Ι
551 1291 592 1299 -
614 1248 617 1336 l
636 1293 655 1322 o
673 1250 745 1332 -)‚
769 1252 909 1316 secundo
933 1253 1073 1317 membro
1103 1251 1200 1316 adimi
1230 1275 1324 1316 unam

191 1384 313 1427 moram
337 1369 369 1426 et
393 1360 509 1423 iniusto
533 1356 628 1423 modo
653 1357 777 1440 integro
802 1358 942 1422 membro
965 1358 1067 1442 primo
1089 1358 1219 1442 insuper
1241 1356 1325 1435 addi,

192 1474 228 1530 ut
250 1467 312 1529 iam
334 1486 446 1529 versus
468 1484 532 1527 non
548 1461 706 1526 extribus
722 1461 855 1546 pedibus
871 1461 1010 1546 paribus,
1027 1468 1188 1526 ternarum
1207 1462 1325 1528 scilicet

192 1590 361 1649 morarum,
385 1574 531 1632 constare
557 1565 712 1646 videatur,
742 1566 798 1630 sed
821 1587 862 1630 ex
890 1566 972 1651 pede
1003 1574 1154 1652 quattuor
1182 1574 1214 1633 et
1242 1567 1325 1652 pede

193 1675 326 1739 duarum
351 1679 382 1736 et
405 1671 486 1758 pede
511 1670 605 1734 trium
628 1691 798 1734 morarum.
844 1669 932 1744 Quos
955 1673 1055 1757 pedes
1080 1671 1220 1737 diversos
1244 1674 1270 1737 si
1294 1674 1325 1737 in

194 1780 307 1846 eodem
348 1776 419 1841 colo
456 1774 638 1838 miscuerint
671 1777 805 1857 poetae,
838 1795 984 1860 magnam
1016 1774 1089 1839 inde
1121 1797 1326 1864 pumerorum

193 1883 312 1949 exoriri
333 1881 595 1965 inaequalitatem
617 1879 658 1943 ab
681 1885 750 1942 arte
772 1879 951 1962 rhythmica
974 1879 1119 1944 alienam.

296 1984 410 2069 Itaque
436 1982 683 2048 adscendentem
718 2003 867 2047 versuum
902 1983 1108 2047 iambicorum
1143 1983 1328 2068 rhythmum

192 2091 349 2174 flagitare,
371 2093 408 2151 ut
430 2087 492 2151 arsi
508 2087 614 2171 aliqua
637 2086 763 2151 sublata
776 2107 840 2149 non
862 2087 948 2171 prior
972 2086 1027 2151 sed
1047 2088 1206 2173 posterior
1230 2087 1327 2154 thesis

192 2192 395 2279 producatur.
441 2190 493 2254 Sic
516 2191 712 2275 compensari
734 2190 818 2255 intra
843 2189 976 2256 eundem
1000 2191 1115 2274 pedem
1139 2191 1223 2256 arsin
1253 2215 1325 2278 syn-

192 2303 350 2383 copatam‚
374 2317 444 2360 oum
468 2294 565 2359 thesis
589 2293 729 2359 eiusdem
753 2293 841 2379 pedis
865 2295 996 2370 trisemo
1018 2296 1082 2372 fiat,
1106 2297 1151 2360 sic
1182 2303 1213 2361 et
1243 2321 1326 2363 sum·

185 2423 276 2467 ‘mam
299 2400 558 2485 aequabilitatem
581 2399 706 2464 restitui
730 2406 761 2464 et
785 2419 893 2463 omnes
923 2398 1022 2485 pedes
1046 2421 1116 2464 esse
1137 2423 1240 2485 pares,
1265 2410 1326 2467 ter·

192 2527 302 2570 narum
326 2505 444 2570 scilicet
466 2525 636 2586 morarum,
661 2525 732 2568 oum
755 2503 869 2568 eodem
891 2503 986 2568 modo
1010 2511 1104 2590 atquc
1128 2505 1158 2569 iu
1182 2508 1326 2573 versibus

191 2609 359 2675 trochaicis
375 2607 473 2672 thesis
487 2608 613 2672 trisema
625 2629 682 2692 per
698 2629 732 2671 se
747 2607 861 2692 pedem
880 2607 1011 2672 efficiat:
1032 2647 1050 2680 o
1071 2646 1106 2654 -
1129 2609 1133 2691 Ι
1154 2640 1193 2660 ’-
1217 2621 1219 2630 ·
1239 2647 1257 2681 n

293 2711 385 2777 Haeo
407 2712 475 2778 lere
500 2711 689 2777 Goldmaun.

296 2817 359 2892 Qui
379 2816 465 2881 haud
490 2817 554 2881 scio
572 2839 611 2880 an
628 2817 733 2902 aptius
749 2838 844 2902 quam
859 2818 1014 2900 tripodias
1030 2819 1212 2902 prolaturus
1228 2820 1323 2884 fuerit

106 2998 107 3004 ἵ
192 2922 345 2987 dimetros
368 2927 423 2985 aut
447 2922 605 2985 trimetros
629 2928 684 2985 aut
707 2929 920 3004 tetrametros,
934 2925 937 2936 '
951 2928 987 2986 ut
1010 2923 1192 2988 ostenderet
1221 2925 1252 2987 in
1277 2924 1325 2990 his

193 3025 392 3110 dipodiarum
430 3027 655 3110 aequalitatem
690 3028 831 3104 restitui,
865 3028 1013 3112 quoniam
1054 3034 1177 3091 constat
1213 3051 1325 3093 versus

193 3136 225 3195 et
248 3131 426 3196 trochaicus
450 3136 481 3193 et
503 3130 655 3195 iambicos
678 3131 839 3215 longiores
855 3132 1024 3215 plerosque
1039 3132 1071 3193 in
1087 3129 1241 3215 dipodias,
1262 3154 1326 3196 non

190 3233 223 3297 in
245 3235 388 3317 singulos
405 3233 501 3319 pedes
520 3256 588 3299 esse
605 3233 826 3317 secernendos,
851 3241 883 3301 et
899 3237 1048 3320 quoniam
1063 3235 1163 3300 multo
1180 3237 1325 3321 frequen-

191 3337 254 3401 tius
274 3338 409 3403 occurrit
424 3337 454 3400 id
473 3359 573 3421 genus
596 3359 744 3403 versuum
761 3345 1009 3424 syncopatorum
1024 3340 1240 3419 iambioorum,
1264 3362 1325 3426 quo

192 3441 271 3504 arsis
294 3440 454 3525 dipodiam
476 3442 630 3527 incipiens
651 3442 753 3508 idest
776 3443 855 3506 arsis
878 3444 990 3528 impari
1005 3445 1076 3509 loco
1100 3444 1327 3529 posita„quam

190 3544 223 3608 id
254 3566 316 3629 quo
348 3546 425 3610 arsis
455 3547 524 3611 loco
555 3546 624 3631 pari
652 3547 808 3611 collocata
838 3548 968 3629 tollitur,
998 3555 1032 3612 ut
1061 3548 1093 3611 in
1121 3549 1324 3614 usitatissimo

191 3649 341 3713 dimetro:
363 3687 381 3719 o
399 3687 438 3696 -
457 3685 475 3721 υ
494 3687 534 3697 -
556 3653 561 3733 1
581 3688 618 3697 —
638 3689 656 3721 o
678 3687 725 3715 —.
772 3650 874 3725 Quem
904 3650 1076 3736 Westphal
1108 3659 1232 3716 veteres
1262 3674 1327 3716 non

191 3753 333 3837 potuisse
355 3774 419 3817 non
441 3753 485 3818 ita
508 3776 672 3820 secernere
695 3756 726 3818 in
750 3755 828 3819 duas
851 3763 957 3840 partes
982 3756 1153 3832 contendit,
1173 3763 1209 3819 ut
1238 3757 1325 3840 prior

191 3857 256 3920 sive
279 3857 376 3921 thesis
399 3857 439 3922 sit
460 3864 582 3942 septem
606 3880 765 3924 morarum
789 3858 821 3922 id
845 3868 893 3924 est
916 3856 990 3936 ποῦς
1005 3857 1179 3942 ἓπτάσημος
1195 3861 1228 3922 ἐν
1244 3858 1325 3946 λόγῳ

189 3960 333 4048 ἐπιτρίτῳ
356 4000 374 4031 υ
392 3998 431 4008 —
451 3996 468 4031 υ
486 3990 537 4044 ⁶,
560 3964 717 4048 posterior
740 3965 806 4028 sive
829 3964 907 4028 arsis
933 3963 1072 4048 quinque
1102 3984 1262 4027 morarum
1292 3964 1324 4027 id

192 4069 240 4128 est
256 4061 330 4141 ποῦς
348 4063 538 4148 πεντάσημος
553 4065 710 4143 παιωνικός
732 4104 764 4113 -—
789 4101 807 4137 υ
828 4068 891 4149 --‚¹
909 4088 979 4130 eum
995 4073 1104 4130 nostra
1118 4067 1199 4148 legis
1215 4066 1326 4131 mode·

194 4256 398 4267 ——-.—

295 4400 304 4433 1
324 4395 403 4449 Matr.
423 4396 464 4449 ed.
482 4399 496 4450 I
514 4397 565 4450 vol.
579 4399 622 4450 III
639 4415 665 4466 p.
680 4397 737 4453 139.
768 4398 875 4465 System
888 4396 936 4448 der
949 4397 1064 4450 antikeu
1078 4396 1230 4464 Rhythmik
1242 4411 1267 4462 p.
1282 4395 1324 4448 67.
