3038 5010
192 1062 369 1161 Separatae
385 1077 484 1161 igitur
502 1085 577 1141 sunt
594 1085 661 1142 tres
686 1078 840 1164 strophae
856 1085 967 1165 partes
985 1080 1039 1158 ita,
1063 1085 1098 1142 ut
1119 1079 1202 1142 inter
1217 1079 1323 1142 ionica

192 1186 369 1264 systemata
392 1188 563 1245 occurrant
586 1181 649 1245 duo
679 1203 794 1246 versus
825 1178 1035 1248 choriambici
1068 1183 1190 1246 leviore
1220 1182 1321 1245 inter-

190 1285 362 1369 punctione
389 1285 422 1349 in
452 1286 585 1370 stropha
616 1307 635 1350 a
665 1287 783 1354 ceteris
811 1286 923 1364 divisi,
959 1289 991 1351 in
1020 1286 1223 1372 antistropha
1250 1286 1323 1349 forti

191 1388 447 1484 interpunctione
459 1389 499 1452 ab
515 1390 637 1453 ultimis
652 1391 800 1456 versibus
814 1392 941 1469 secreti,
957 1393 1046 1455 nulla
1061 1390 1322 1475 interpunctione

192 1493 307 1557 secreti
330 1515 349 1557 a
372 1516 433 1558 sex
454 1494 625 1564 versiculis
648 1495 772 1579 primis.

275 1601 430 1665 Attamen
453 1600 511 1664 hos
535 1621 662 1685 quoque
686 1622 812 1677 versus,
836 1622 915 1685 quos
939 1601 1133 1665 choriambis
1157 1600 1323 1664 dimensus

192 1725 271 1784 sum,
295 1704 405 1767 malim
429 1726 487 1789 pro
511 1704 623 1768 ionicis
647 1706 694 1768 ita
714 1705 845 1786 habere,
869 1712 906 1769 ut
927 1700 984 1770 τὸν
999 1705 1158 1770 vocabulo
1181 1707 1213 1768 in
1239 1713 1322 1769 stro-

191 1809 264 1894 pha,
287 1805 345 1873 καὶ
369 1809 401 1871 in
425 1808 629 1895 antistropha
645 1808 686 1872 ad
703 1829 830 1872 versum
847 1809 1098 1896 praecedentem
1114 1808 1225 1873 addito
1242 1809 1323 1871 haec

192 1911 309 1975 evadat
332 1912 468 2001 metrica
491 1911 596 1976 forma
618 1933 770 1976 versuum
794 1916 822 1979 6.
848 1916 876 1976 7.
901 1915 937 1977 8:

601 2041 865 2080 υυ.-,υυ-.,

399 2109 801 2148 υυ..,υυ--,υυ..,
823 2111 1083 2148 υυ..,υυ..,

601 2180 654 2204 υυ
696 2195 724 2217 -,
748 2180 856 2208 vuar-a

191 2246 227 2311 Iu
251 2248 315 2312 fine
340 2249 464 2312 ionicos
487 2270 581 2334 quam
606 2249 811 2313 choriambus
835 2256 980 2314 statuere
1005 2249 1115 2323 malui„
1139 2269 1179 2312 ne
1207 2251 1324 2313 iterum

190 2351 370 2417 choriambi
393 2351 612 2420 efficerentur.

276 2453 431 2518 Clausula
452 2496 625 2523 cccccc
637 2506 644 2537 ‚
669 2478 753 2542 quae
776 2456 863 2521 haud
885 2478 958 2521 raro
983 2457 1015 2520 in
1035 2456 1098 2521 fine
1116 2457 1323 2542 stropharum

189 2557 366 2622 ionicarnm
390 2558 519 2643 legitur,
546 2557 673 2624 duobus
696 2559 798 2623 modis
823 2550 979 2646 explicari
1005 2566 1128 2646 potest:
1159 2567 1215 2623 aut
1240 2566 1323 2623 tam-

190 2683 288 2746 qnam
320 2705 427 2740 cca,
454 2705 550 2729 c„-
580 2663 601 2728 i.
639 2685 668 2727 e.
696 2663 820 2728 ionicus
852 2664 1064 2729 catalecticus
1094 2685 1166 2727 cum
1195 2663 1325 2749 dipodia

189 2764 330 2829 iambica
353 2771 532 2850 syncopato
555 2766 789 2831 catalecticave
813 2766 847 2852 (c
863 2748 943 2853 .'3);
968 2773 1024 2830 aut
1047 2771 1211 2851 tamquam
1232 2767 1324 2830 colon

190 2867 417 2952 logaocdicum
433 2868 624 2933 ascendens.
663 2869 782 2934 Ionicis
800 2871 903 2955 magis
919 2875 996 2956 apta
1012 2877 1063 2934 est
1078 2871 1134 2934 illa
1151 2871 1323 2934 sententia.

276 2970 316 3034 In
339 2973 401 3034 v.3
426 2972 580 3058 strophae
602 2967 721 3056 χρύσεα
745 2974 897 3061 σκῆπτρα
922 2995 993 3037 cum
1016 2972 1175 3038 Elmsleio
1199 2972 1323 3058 scripsi,

190 3081 225 3139 ut
249 3075 393 3139 molosso
417 3074 560 3139 admisso
588 3098 701 3141 versus
730 3079 914 3141 accuratius
944 3076 1141 3164 respondeat
1169 3077 1324 3140 antistro-

190 3178 275 3264 phae
299 3179 408 3242 versui
429 3219 623 3259 ccccccc
637 3228 684 3261 d,
718 3201 815 3264 quam
846 3181 907 3245 hoc
939 3180 1074 3245 metrico
1099 3180 1266 3244 schemate
1290 3179 1322 3242 in

190 3290 318 3348 textum
333 3292 466 3372 recepto
481 3343 497 3352 .
511 3344 526 3352 -
539 3303 592 3363 ω,
609 3329 629 3352 c
642 3328 662 3351 c
675 3328 725 3367 aa,
742 3285 826 3370 quod
842 3284 1003 3350 Dindorfii
1021 3285 1158 3348 lectione
1176 3283 1325 3350 efficitur.

276 3456 565 3544 Aristophanes
597 3458 630 3520 in
653 3458 691 3521 fr.
718 3462 777 3522 116
801 3464 857 3522 aut
886 3458 963 3521 colis
992 3457 1217 3521 choriambicis
1246 3455 1322 3519 sub-

192 3559 296 3623 iunxit
318 3560 472 3641 ionicum,
496 3568 552 3625 aut
575 3560 729 3646 tripodias
750 3561 959 3646 logaoedicas
974 3561 1172 3626 acatalectas
1189 3559 1323 3623 descen-

191 3661 307 3728 dentes
332 3668 364 3727 et
387 3663 517 3750 dactylo
543 3665 704 3750 inprims
734 3665 814 3731 sede
842 3666 987 3750 insignes
1016 3665 1152 3728 variavit
1181 3663 1324 3726 admixto

190 3787 255 3829 uno
279 3766 494 3852 pherecrateo
517 3790 616 3854 puro:

432 3888 469 3951 fr.
497 3891 556 3952 116
580 3888 677 3954 Dind.
694 3921 733 3942 =
754 3894 792 3953 10
816 3897 849 3955 et
872 3893 934 3954 695
959 3888 1090 3971 Kock¹)

498 3993 566 4066 Oria
588 3996 669 4081 ἐτὸς,
693 3991 720 4066 ὦ
741 4005 897 4088 γυναῖκες,

501 4105 587 4169 πᾶσι
610 4108 761 4170 κακοῖσιν
783 4099 871 4194 ἡμᾶς

263 4243 283 4309 ¹)
303 4240 405 4305 cusas,
424 4241 548 4294 ueram
569 4260 595 4312 p.
614 4243 654 4296 as.
674 4242 733 4296 aso,
