3038 5010
649 282 862 343 ..76-

275 471 350 550 ττῶς
372 462 429 537 οὖν
451 463 512 535 οὖν,
534 464 574 535 r'r'r
597 496 649 549 τις
669 470 791 554 ὁμιλῶν
811 466 920 556 χαίροι
944 470 1057 558 τοιᾷδε
1078 464 1187 548 πόλει,

274 567 313 639 ἵν’
339 571 463 656 ἔξεστιν
483 570 572 640 πάνυ
594 575 707 663 λεπτῷ
728 577 820 662 roupi
840 599 877 641 τε
897 569 957 664 τὴν
980 571 1070 640 ἰδέαν
1093 623 1204 642 .....

189 1170 316 1235 Horum
342 1193 496 1236 versuum
524 1173 604 1237 duos
630 1173 750 1259 primos
779 1172 894 1236 ionicis
923 1171 1072 1236 attribuit
1094 1171 1324 1257 Hephaestion

189 1275 240 1339 his
263 1275 370 1339 verbis
394 1298 425 1361 p.
449 1279 504 1341 58:
541 1282 633 1357 Ταχα
663 1274 699 1341 δὲ
725 1273 782 1341 καὶ
810 1271 848 1341 τὸ
877 1269 1030 1358 κωμικὸν,
1058 1269 1096 1340 τὸ
1125 1270 1325 1359 καλούμενον

189 1372 373 1458 ε’ττιιονικὸν,
397 1374 705 1465 πολυσχημάτιστον
726 1376 915 1444 συνέθεσαν.
959 1373 1119 1443 Μάλιστα
1135 1369 1165 1443 δ’
1183 1374 1218 1442 ἐν
1234 1370 1325 1466 αὐτῷ

190 1475 310 1562 ἀταξία
333 1477 455 1570 πολλὴ,
480 1475 499 1570 ἡ
522 1479 600 1560 τοὺς
622 1478 817 1560 σπονδείους
839 1474 890 1546 ἐτι)
917 1474 1049 1564 ἀρτίους
1069 1476 1176 1566 χώρας
1203 1476 1325 1563 ἔχουσα

190 1588 255 1652 τῶν
279 1584 441 1671 ἰαμβικιῦν
462 1587 627 1674 συζυγιῶν,
659 1578 728 1653 οἷον
751 1581 828 1674 παρ’
853 1580 1015 1654 Εὐπόλιδι
1038 1586 1071 1653 ἐν
1086 1589 1208 1676 Χρυσῷ
1223 1586 1325 1669 Γένει,

190 1683 305 1759 ciart.

189 1799 359 1864 Diiambua
386 1801 484 1864 tertio
513 1801 585 1864 loco
616 1801 741 1885 positus
770 1798 892 1862 indicat
920 1819 1032 1863 versus
1061 1818 1103 1861 ex
1129 1797 1215 1862 binis
1246 1818 1325 1861 con-

190 1910 276 1967 stare
300 1905 378 1968 colis
401 1945 657 1984 .........
680 1910 713 1968 et
734 1944 990 1982 000000000
1014 1922 1151 1987 quorum
1172 1902 1206 1965 in
1231 1907 1324 1965 utro-

190 2029 253 2092 que
276 2008 381 2094 priore
404 2008 476 2072 loco
499 2008 683 2072 inveniatur
705 2007 876 2087 diiambus,
900 2013 1053 2091 sequatur
1069 2006 1206 2072 ionicus.
1243 2005 1325 2071 For-

190 2118 279 2175 tasse
314 2112 412 2176 etiam
447 2111 536 2197 Oyel.
574 2133 604 2176 v.
633 2114 1000 2193 495,4=503,4=
1022 2112 1095 2190 511,
1119 2114 1139 2172 4
1165 2131 1197 2195 p.
1223 2111 1263 2173 73
1292 2116 1327 2175 et

189 2208 312 2281 Bacch.
337 2218 387 2295 72,
407 2221 434 2280 1.
452 2218 471 2278 2
490 2247 529 2268 =
547 2217 598 2294 88,
618 2219 679 2281 lh
703 2237 734 2299 p.
752 2217 793 2279 88
821 2214 860 2277 de
882 2213 1038 2299 epionicis
1060 2212 1211 2277 admissis
1234 2213 1325 2299 cogi-

190 2320 252 2383 tari
275 2325 395 2405 potest.

277 2485 437 2560 Quoniam
461 2485 590 2569 singula
614 2485 765 2569 exempla
787 2489 980 2568 persecutus
1009 2505 1096 2563 sum,
1126 2504 1212 2547 nunc
1242 2483 1326 2549 haec

191 2590 388 2674 generaliter
410 2588 573 2653 monenda
597 2595 672 2651 sunt
695 2586 737 2652 de
761 2587 940 2650 ionicorum
962 2608 1037 2650 usn:

281 2697 308 2756 1.
332 2692 441 2757 Ionico
466 2715 486 2757 a
508 2693 632 2757 minore
655 2693 794 2755 Alcman
816 2691 938 2776 primus
961 2711 1040 2754 usus
1064 2696 1125 2768 est,
1149 2690 1326 2755 eohoriois

192 2797 299 2881 poetis
322 2797 398 2876 (nec
421 2802 531 2860 tamen
554 2796 587 2859 in
611 2794 809 2858 carminibus
833 2793 980 2873 choricis,
1003 2799 1039 2856 ut
1062 2792 1203 2876 videtur)
1227 2815 1326 2880 prae-

192 2905 285 2963 terea
306 2899 538 2984 BacchylideS,
566 2898 775 2978 Timocreon,
802 2897 965 2979 Praxilla,
990 2919 1007 2962 e
1030 2897 1157 2962 melicis
1181 2896 1327 2985 Sappho,

192 3001 350 3082 Alcaeus,
377 3001 659 3087 Lycophronides,
687 3002 832 3087 inprimis
861 3000 1043 3066 Anacreon.
1089 2999 1142 3063 Ex
1165 3002 1326 3067 scaenicis

192 3106 298 3192 poetis
326 3106 518 3192 saepissime
541 3105 725 3190 Aeschylus
747 3105 861 3171 ionicis
884 3127 962 3169 usus
986 3112 1045 3184 est,
1073 3105 1239 3170 rarissime
1264 3105 1325 3171 So-

191 3211 338 3297 phocles.

279 3317 309 3377 2.
332 3315 476 3405 Longius
500 3337 596 3400 quam
620 3314 842 3379 choriambum
866 3336 886 3378 a
908 3312 1050 3377 diiambo
1074 3313 1195 3379 distare
1218 3315 1326 3381 visum

193 3439 266 3482 esse
289 3419 426 3482 ionicum
444 3441 464 3482 a
478 3420 603 3484 minore
627 3418 706 3483 illud
728 3424 778 3483 est
794 3422 997 3502 argumento,
1020 3418 1053 3501 a)
1069 3417 1154 3502 quod
1169 3420 1326 3483 vetustis-

194 3523 266 3586 simi
291 3523 421 3608 quidem
444 3530 573 3609 poetae,
598 3525 651 3609 qui
673 3524 770 3610 primi
791 3525 898 3587 ionico
915 3525 966 3587 usi
981 3528 1056 3586 sunt
1073 3522 1115 3586 ad
1129 3523 1324 3589 variandum

193 3625 380 3707 diiambum,
404 3626 552 3708 Alcman,
578 3627 722 3713 Sappho,
737 3628 921 3706 Anacreon,
944 3627 1058 3691 ionicis
1074 3626 1232 3691 diiambos
1249 3649 1324 3694 sae-

192 3729 266 3814 pius
289 3728 542 3810 admiscuerunt,
564 3732 705 3796 scaenici
718 3752 795 3796 vero
810 3731 844 3795 in
860 3730 1000 3816 strophis
1015 3731 1130 3796 ionicis
1145 3731 1326 3797 diiambum

193 3834 296 3897 rarius
307 3843 511 3918 ·posuerunt;
523 3837 547 3919 1)
571 3836 606 3921 b)
627 3835 712 3920 quod
730 3837 763 3898 in
781 3836 901 3900 vicinia
915 3836 1106 3918 ionicorum,
1129 3836 1185 3901 ubi
1201 3836 1235 3900 hi
1251 3857 1324 3901 cum

264 4009 284 4075 ¹)
304 4007 345 4062 of.
362 4007 487 4061 Alcman.
505 4008 537 4060 fr.
555 4008 596 4061 83.
609 4007 651 4061 84.
664 4007 705 4072 87,
724 4009 741 4060 2
758 4025 842 4077 supra
861 4026 887 4077 p.
905 4008 950 4070 52;
970 4006 1073 4076 Sapph.
1091 4006 1124 4061 fr.
1136 4008 1178 4063 58.
1193 4009 1227 4063 59
1239 4026 1325 4079 supra

192 4111 218 4162 p.
237 4093 283 4157 85;
301 4094 400 4148 Anacr.
418 4094 450 4147 fr.
467 4093 509 4147 47.
522 4093 564 4146 48.
576 4093 610 4146 49
628 4110 712 4162 supra
730 4112 756 4162 p.
769 4095 814 4156 54;
833 4092 1036 4162 Lycophronid.
1054 4091 1116 4147 fra
1134 4110 1219 4162 supra
1235 4112 1263 4164 p.
1275 4094 1324 4161 573
1370 4138 1379 4159 ,

192 4183 320 4249 Aeschyl.
338 4183 411 4236 Pers.
431 4182 661 4246 102‚3=108‚3
679 4199 764 4251 supra
781 4200 808 4250 p.
827 4183 874 4244 b8;
893 4180 989 4249 Enrip.
1002 4179 1086 4234 Rhea.
1098 4180 1228 4244 360,3=
1238 4180 1326 4245 370,ss

192 4269 266 4325 infra
272 4287 297 4341 p.
304 4269 349 4333 793
358 4267 497 4340 Eupolfr.
504 4267 562 4320 290.
568 4267 625 4320 291.
635 4268 686 4322 292
696 4285 780 4340 supra
789 4287 815 4338 p.
823 4267 862 4321 75.
871 4267 912 4323 76.
927 4265 1062 4322 (ltetiam
1071 4264 1324 4337 infranr.4(p.l'l).
