3038 5010
655 311 865 370 ,47-

192 517 366 583 perperam
397 496 540 582 explicat
575 517 637 581 quo
665 497 881 562 Anacreontis
915 497 954 561 fr.
985 500 1041 576 30,
1078 498 1119 562 de
1148 521 1212 584 quo
1243 522 1325 585 quaa

193 624 292 687 supra
302 601 328 686 1)
352 601 429 682 dixi,
454 600 569 666 eadem
593 601 738 667 adhaec
762 603 946 687 fragmenta
969 601 1139 688 quadrant.

526 773 677 859 Denique
701 774 868 840 Horomms
891 775 929 838 fr.
955 779 994 840 37

297 879 409 970 ἄνδρες
431 880 565 970 ἑταῖροι,
590 885 683 972 δεῦρο
706 881 746 975 δὴ
770 882 829 974 τὴν
852 882 978 974 γνώμην
1001 884 1204 972 προσίσχειν,

296 985 326 1054 εἰ
349 984 484 1054 δυνατὸν
506 987 562 1054 καὶ
586 985 632 1077 μή
654 1014 687 1054 τι
709 990 821 1073 μεῖζον
843 985 1035 1077 πράττουσα
1056 987 1213 1077 τυγχάνει.

190 1287 252 1351 pes
281 1265 397 1329 tertius
420 1266 588 1350 utriusque
617 1287 733 1330 versus
763 1266 866 1330 forma
896 1288 1055 1350 nusquam
1084 1268 1170 1354 apud
1199 1275 1325 1333 ceteros

112 1415 115 1421 ·
190 1375 306 1455 poetas
332 1369 452 1433 usitata
478 1412 572 1432 a-..
600 1369 737 1453 insignis
766 1376 827 1435 est.
872 1369 967 1443 Quod
998 1392 1074 1435 vero
1098 1371 1325 1457 Hephaestion

192 1478 238 1541 ait
263 1499 294 1562 p.
316 1479 367 1557 59,
391 1477 454 1540 hoc
474 1482 612 1540 metrum
636 1476 849 1561 compositum
873 1497 947 1539 esse
973 1472 1010 1538 ἐν
1030 1476 1247 1562 χοριαμβικοῦ
1269 1475 1325 1541 καὶ

190 1583 367 1665 τροχαϊκοῦ
382 1578 697 1670 πολυσχημάτιστον,
723 1603 786 1647 non
802 1583 907 1666 magis
924 1583 1127 1668 probandum
1144 1590 1204 1664 est,
1229 1605 1325 1668 quam

191 1687 270 1750 illud
300 1687 386 1772 quod
409 1687 449 1752 de
472 1689 688 1753 Anacreontis
711 1687 749 1752 fr.
774 1689 814 1751 30
837 1688 986 1773 protulit:
1020 1709 1083 1751 non
1107 1688 1194 1752 enim
1223 1680 1325 1752 ἀνακ-

190 1785 352 1872 τονάτως,
375 1794 495 1874 nteit,
519 1794 579 1858 hoc
602 1799 742 1858 metrum
769 1793 810 1856 ab
834 1791 995 1879 Eupolide
1020 1794 1235 1878 compositum
1264 1801 1324 1869 est,

193 1894 251 1958 sed
274 1896 348 1980 lege
372 1903 461 1960 certa
476 1903 574 1981 atque
594 1897 691 1960 simili
709 1895 804 1959 modo
822 1917 887 1959 non
903 1917 975 1959 raro
995 1897 1135 1981 apoetis
1157 1903 1324 1982 usurpata.

192 1998 516 2064 Commemorandum
540 2001 679 2084 denique
703 2006 764 2078 est,
788 2006 889 2063 totam
912 2000 1087 2085 parabasin
1105 2001 1175 2064 eius
1194 2001 1324 2065 fabulae

191 2101 410 2188 Eupolidem,
441 2125 458 2168 e
487 2126 550 2188 qua
571 2104 653 2168 haec
674 2103 858 2186 fragmenta
881 2104 984 2188 petita
1008 2110 1096 2182 sunt,
1125 2104 1187 2166 hcc
1211 2111 1325 2183 metro,

190 2206 276 2290 quod
303 2201 342 2271 ab
365 2204 557 2292 Κρατίνειον
579 2202 617 2271 τὸ
641 2199 859 2292 ἆσννᾶρνητον
881 2206 1108 2292 Hephaestion
1135 2209 1207 2272 loco
1233 2208 1324 2293 illo²)

190 2315 296 2392 vocat,
319 2312 515 2376 constitisse.

277 2499 349 2565 Hoc
373 2502 445 2564 loco
468 2502 590 2565 mentio
612 2500 762 2565 facienda
785 2507 836 2565 est
859 2501 956 2565 etiam
980 2502 1077 2565 trium
1094 2503 1221 2566 illorum
1238 2502 1325 2586 frag-

190 2609 389 2684 mentorum,
413 2625 496 2688 quae
520 2604 750 2690 Hephaestion
774 2627 805 2690 p.
823 2607 863 2669 30
887 2611 1051 2689 tamquam
1077 2608 1228 2692 exempla
1247 2607 1324 2669 eho-

190 2709 420 2772 riambicorum
443 2730 596 2774 versuum
619 2711 652 2773 in
676 2711 813 2774 creticos
836 2712 1025 2774 exeuntium
1050 2713 1187 2795 profert:

558 2830 596 2895 fr.
620 2830 734 2916 adesp.
757 2833 798 2894 60
822 2837 854 2894 et
879 2834 918 2893 70
930 2831 955 2913 ³)

437 2935 622 3008 ‘lacertosos
645 2938 806 3028 μείρακες.

448 3039 532 3111 Οὐδὲ
553 3040 689 3111 λεόντων
712 3044 839 3127 σθένος,
864 3039 940 3112 οὐδὲ
960 3043 1092 3134 τροφαί.

504 3177 564 3215 υ-,
585 3177 682 3199 ιου-

615 3241 696 3268 υυ,
727 3239 836 3280 ι--υ-.;

191 3319 396 3406 Quamquam
419 3323 524 3407 prima
547 3323 657 3408 specie
681 3323 898 3408 fragmentum
921 3327 961 3388 60
978 3346 1035 3411 pro
1059 3325 1206 3407 dimetro,
1230 3327 1266 3391 fr.
1287 3330 1325 3389 70

190 3445 251 3510 pro
275 3425 422 3490 trimetro
447 3426 664 3491 choriambico
679 3427 793 3521 haberi
809 3434 917 3514 potest
933 3429 1053 3492 omissa
1072 3429 1186 3494 ultima
1202 3430 1327 3513 syllaba

191 3533 362 3618 utriusque
385 3555 499 3598 versus
523 3540 556 3598 et
580 3542 729 3620 correpta
759 3535 847 3619 (ante
871 3534 1033 3620 vocalem)
1057 3536 1184 3621 syllaba
1207 3530 1270 3622 φαί
1293 3536 1327 3597 in

190 3631 324 3723 τροφαί,
338 3680 460 3718 -oo-‚
479 3635 601 3724 -o[-]
622 3644 791 3720 et-oo-‚
809 3697 827 3703 -
841 3679 936 3717 oo„
954 3635 1086 3724 ΜΗ,
1110 3645 1219 3703 tamen
1236 3639 1325 3702 nullo

191 3740 289 3804 modo
314 3741 403 3806 credi
426 3748 535 3827 potest
555 3741 837 3827 Hephaestionem
859 3743 940 3807 adeo
964 3744 1151 3827 neglexisse
1175 3765 1326 3808 versuum

191 3844 284 3909 fines.
328 3844 374 3908 At
398 3846 549 3930 quoniam
573 3844 795 3909 choriambum
818 3868 890 3910 cum
920 3847 1048 3931 syllaba
1070 3853 1145 3910 tone
1168 3846 1327 3932 producta

192 3947 227 4011 in
253 3968 318 4010 uno
345 3948 525 4033 eodemque
549 3950 619 4013 colo
644 3951 832 4015 consociare
864 3951 1026 4046 noluerint
1053 3957 1171 4036 poetae
1198 3949 1326 4031 Graeci,

265 4103 286 4170 ¹)
306 4102 340 4157 cf.
360 4120 444 4172 supra
461 4121 487 4172 p.
507 4102 548 4156 38.

265 4192 286 4257 ²)
305 4189 456 4259 Hephaest.
475 4209 502 4259 p.
521 4190 569 4254 59;
588 4191 673 4246 schol.
693 4191 716 4243 A
734 4190 885 4259 Hephaest.
904 4207 929 4258 p.
948 4191 1007 4255 215,
1019 4193 1059 4245 11.

266 4277 286 4344 θ)
306 4277 405 4347 Bergk.
424 4282 498 4346 poet.
518 4279 568 4347 lyr.
588 4277 628 4330 ΠΙ
646 4296 672 4346 p.
692 4278 749 4332 708.
