3038 5010
654 301 867 361 ..32-

191 489 279 554 sibus
304 489 485 575 strophicis,
509 510 570 554 nee
593 495 704 566 tamen
728 489 814 553 omni
838 495 1003 574 exparte,
1028 496 1199 576 metraque
1216 489 1331 555 effice-

132 622 134 627 ·
190 602 302 661 rentur
332 617 447 681 parum
475 595 666 680 probabilia.
718 594 812 658 Haec
844 594 930 657 enim
963 595 1026 658 illis
1058 594 1259 681 respondent
1291 596 1327 659 in

191 700 410 784 antistropha:

232 810 259 885 ὦ
281 816 502 906 καλλίπυργον
525 815 647 907 σοφίαν
668 815 874 906 κλεινοτάτην
897 817 1059 900 ἐπασκῶν,
1261 853 1329 892 1024

232 917 276 1002 ὡς
297 917 359 1012 ἡδύ
383 945 442 988 σον
464 927 552 988 τοῖσι
575 918 685 1009 λόγοις
707 925 838 1010 σῶφρον
861 918 994 989 ἔπεστιν
1016 918 1128 1004 δνδος.

236 1020 426 1111 εὐδαίμονες
448 1019 478 1090 δ’
496 1016 581 1115 ἦσαν
597 1020 644 1112 ἄρ’
664 1023 695 1092 ολ
719 1027 835 1108 ζῶντες
856 1020 921 1092 τότ’
940 1025 998 1092 ἐπὶ
1020 1030 1085 1094 τῶν
1107 1026 1283 1114 προτέρων.

234 1127 319 1217 πρὸς
342 1121 398 1196 οὖν
420 1124 508 1211 τόδ’,
533 1120 560 1195 ὦ
581 1133 812 1219 κομψοπρεπῆ
834 1132 961 1215 μοῦσαν
983 1127 1071 1214 ἔχων,
1262 1165 1328 1204 1⁰30

234 1236 284 1299 δεῖ
306 1257 343 1299 σε
365 1233 467 1321 λέγειν
489 1260 521 1300 τι
544 1230 664 1315 καινὸν,
689 1228 733 1313 ὡς
754 1228 969 1322 ηὐδοκίμηκεν
991 1229 1080 1324 ἁνήρ.

277 1801 315 1863 ln
331 1800 381 1863 his
399 1800 508 1864 vorbis
526 1805 558 1864 et
573 1859 589 1867 -
603 1858 619 1866 -
632 1841 652 1865 ο
665 1817 705 1867 σο
721 1800 855 1864 offendit
871 1823 928 1887 pro
946 1859 961 1867 -
975 1860 991 1867 -
1005 1844 1024 1867 c
1038 1860 1052 1868 -
1068 1802 1221 1888 positum,
1244 1821 1331 1886 quae

191 1927 270 1968 sane
294 1905 425 1989 quidem
453 1904 485 1967 in
513 1904 662 1967 maximis
691 1904 833 1968 licentiis
858 1905 1059 1969 numeranda
1091 1911 1156 1978 est,
1180 1905 1240 1968 etsi
1265 1925 1331 1967 non

191 2015 280 2071 caret
305 2008 465 2093 exemplis
490 2008 592 2093 (vesp.
617 2010 688 2071 531).
720 2009 858 2072 Acharn.
882 2011 973 2075 1158.
1002 2008 1121 2074 Anacr.
1146 2009 1184 2072 fr.
1206 2010 1261 2087 32,
1282 2007 1331 2092 2),

190 2132 297 2195 neque
320 2109 487 2194 probabile
518 2115 569 2172 est
591 2109 728 2172 formam
751 2168 795 2177 ,-
809 2152 857 2175 o.
880 2111 911 2172 in
937 2111 1028 2174 initio
1052 2112 1149 2173 trium
1173 2130 1330 2173 versuum

192 2237 227 2278 se
259 2214 492 2298 excipientium
523 2214 663 2299 positam
697 2234 782 2278 esse.
823 2213 1105 2278 Verisimillimum
1141 2234 1215 2278 esse
1250 2213 1330 2276 mihi

192 2319 320 2383 videtur
368 2318 499 2382 credere
542 2338 614 2381 cum
653 2317 838 2397 Dindorfio,
886 2318 1050 2404 stropham
1096 2317 1324 2403 imperfectam

191 2423 340 2486 relictam
373 2443 447 2485 esse
476 2442 496 2483 a
526 2428 639 2506 poeta,
672 2422 722 2484 eui
753 2428 870 2507 postea
901 2429 1063 2486 corrector
1092 2421 1331 2508 antistropham

193 2547 379 2611 exaequare
404 2524 582 2603 studuerit,
613 2525 675 2587 nisi
698 2525 792 2588 malis
818 2526 975 2610 suspicari
999 2525 1137 2590 eandem
1162 2525 1331 2589 licentiam

192 2631 224 2692 in
237 2629 441 2714 antistropha
457 2629 527 2692 sola
542 2634 674 2713 poetam
688 2629 750 2691 sibi
766 2628 951 2712 indulsisse,
969 2651 1064 2714 quam
1078 2631 1110 2692 in
1124 2630 1331 2714 Lysistratae

195 2734 336 2796 carmine
360 2732 456 2795 modo
482 2732 622 2796 laudato.

281 2853 407 2917 Similia
423 2853 543 2917 cadunt
557 2855 588 2917 in
603 2853 746 2917 Nubium
764 2875 895 2917 carmen
909 2857 1076 2917 rou-705
1091 2886 1130 2906 =
1144 2854 1329 2931 804-810,

194 2957 309 3041 dequo
326 2957 398 3021 vide
415 2957 508 3038 infra,
529 2965 626 3042 atque
643 2959 675 3021 in
688 2956 990 3022 Ecclesiaausarum
1013 2979 1142 3022 carmen
1157 2960 1330 3021 saa-972

196 3095 233 3114 =
254 3065 435 3144 era-976,
459 3062 498 3126 de
520 3084 589 3146 ,quo
613 3063 645 3125 in
670 3063 775 3147 capite
800 3063 851 3125 ΙΙΙ
873 3064 968 3149 plura
991 3063 1106 3126 dicam.

278 3305 394 3369 Tribus
411 3305 490 3368 locis
506 3326 570 3367 non
588 3305 620 3367 in
638 3305 728 3368 initio
746 3305 910 3390 strophae,
929 3306 986 3369 sed
1002 3307 1034 3369 in
1047 3305 1156 3369 media
1173 3303 1328 3388 strophae

193 3416 284 3495 parte
300 3467 316 3474 -
329 3467 344 3475 .
358 3451 378 3473 c
390 3467 406 3474 -
424 3430 496 3471 cum
518 3409 704 3472 choriambo
733 3410 900 3472 coniunxit
922 3409 1174 3495 Aristophanes:
1198 3409 1229 3471 in
1254 3429 1327 3470 car-

192 3515 277 3576 mine
301 3514 357 3576 illo
382 3512 641 3596 simplicissimae
665 3535 702 3577 ac
727 3513 889 3578 dilucidae
913 3514 1036 3578 formae

472 3642 569 3724 equit.
595 3645 764 3705 551—558
781 3675 821 3695 =
840 3645 1009 3706 581-588
1024 3644 1048 3724 1)

500 3753 594 3824 ἵππι’
621 3753 703 3840 όναξ
726 3757 899 3842 Πόσειδον,
923 3749 950 3848 ᾧ

502 3862 727 3952 χαλκοκρότων
749 3868 866 3933 ἵππων
887 3863 1012 3945 κτύπος

503 3968 558 4034 καὶ
582 3966 796 4055 χρεμετισμὸς
819 3965 958 4050 δινδόνει,

502 4072 557 4139 καὶ
581 4072 797 4159 κυανέμβολοι
820 4072 904 4140 θοαὶ

194 4202 283 4209 -..-.-.
350 4201 398 4206 ⁷-—

265 4270 284 4332 1)
303 4267 458 4335 Westphal
479 4266 525 4318 ll²
545 4284 570 4334 p.
589 4266 647 4317 832¹).
684 4264 784 4327 Christ,
803 4264 927 4317 Metrik²
949 4283 974 4333 p.
993 4265 1051 4318 534.
