3038 5010
683 560 898 630 ..51-

203 738 327 826 papyri
344 736 607 823 Ghoranensis),
632 749 669 804 ut
684 735 798 805 omnia
816 737 926 804 verba
949 735 1075 826 prioris
1093 756 1218 803 versus
1243 733 1376 801 ratione

204 845 411 932 retrograda
446 844 477 911 in
513 866 621 912 versu
657 843 816 932 sequenti
851 856 1062 931 repetantur.
1108 841 1214 910 Tales
1249 862 1375 909 versus

204 953 422 1020 nominantur
446 957 683 1041 ἀναστρέφοντες
707 951 762 1019 vel
785 954 1018 1034 ἀνακοκλικοὶ1);
1044 950 1084 1018 cs.
1111 948 1270 1017 Brunckii
1299 970 1376 1016 ana-

203 1059 289 1126 lecta
315 1071 470 1126 veterum
497 1071 677 1147 poetarum
702 1056 931 1140 Graecorum,
956 1070 978 1129 t.
1007 1057 1034 1125 ll
1059 1080 1092 1146 p.
1101 1057 1177 1146 382,
1201 1078 1272 1144 quo
1298 1056 1375 1124 loco

205 1166 258 1233 ille
282 1166 462 1234 cuiusdam
488 1166 610 1233 medici
635 1165 835 1233 Nicomedis
858 1165 1043 1254 Smyrnaei
1068 1186 1192 1232 versus
1224 1166 1377 1228 ἀνακυκλι·

203 1277 276 1349 κοὺς
299 1273 410 1344 tradit.
460 1273 554 1340 Audi
579 1275 684 1340 modo
708 1286 863 1362 poetam:

361 1436 523 1522 Πηνελόπη
547 1438 614 1502 τόδε
639 1461 681 1501 σοι
705 1447 803 1525 φᾶρος
826 1439 873 1499 καὶ
896 1438 1018 1522 χλαῖναν
1037 1433 1180 1508 Ὀδυσεὺς

361 1546 491 1630 ἠνεηκεν,
515 1545 637 1631 δολιχὴν
662 1543 810 1626 ἐξανύσας
834 1548 964 1632 ἀτραπόν

203 1724 376 1771 converso
401 1705 506 1771 modo
532 1705 597 1772 hoc
623 1703 791 1772 distichon
815 1703 942 1791 legitur
966 1704 1032 1771 sic:

358 1868 498 1954 Ἀτραπόν
522 1865 669 1948 ἐξανύσας
693 1867 814 1952 δολιχὴν
837 1869 958 1952 ἤνεγκεν
978 1866 1121 1939 Ὀδυσεύς

362 1974 484 2059 χλαῖναν
508 1975 555 2036 >tui
579 1978 678 2061 φᾶρός
702 1998 744 2038 σοι
769 1975 845 2051 τόδε,
870 1973 1032 2058 Πηνελόπη

203 2130 345 2217 aliaque.
394 2131 495 2218 Quae
509 2133 717 2221 praestigiae
741 2132 929 2201 simillimae
953 2146 1033 2200 sunt
1058 2132 1107 2211 iis,
1132 2154 1222 2220 quae
1246 2131 1371 2220 signifi·

204 2250 323 2305 cantur
350 2261 439 2306 voce
470 2251 593 2330 καρκῖνοι
618 2245 722 2328 (στίχοι
747 2243 884 2330 ἔμμετρα
908 2243 983 2304 κατὰ
1007 2243 1221 2324 ἀναποδισμόν),
1255 2239 1375 2328 quales

204 2343 407 2413 Duebnerin
419 2347 873 2435 „AnthologiaePalatinae“
882 2348 1074 2436 appendice
1088 2347 1374 2436 collegit(p.608),

204 2453 259 2540 qui
285 2454 328 2521 ab
347 2454 475 2522 Leonis
491 2454 605 2523 Allatii
630 2455 712 2522 editi
735 2467 816 2523 sunt
839 2455 928 2523 inter
947 2455 1139 2544 „Excerpta
1157 2455 1251 2523 varia
1268 2453 1375 2522 Grae·

203 2583 321 2628 corum
347 2561 581 2651 sophistarum
611 2585 651 2630 ac
676 2564 873 2630 rhetorum”
902 2562 1050 2650 (Romae
1077 2563 1157 2649 1641
1185 2563 1307 2653 p.398)
1331 2584 1376 2630 ex

203 2668 322 2736 codice
339 2669 453 2756 aliquo
471 2693 546 2737 cum
566 2672 632 2738 hoc
648 2671 809 2738 lemmate
826 2672 958 2746 Λέοντος
979 2679 1031 2735 τοῦ
1055 2673 1216 2760 φιλοσόφου
1240 2681 1374 2759 καρκῐνοι.

203 2776 376 2844 Nonnulla
399 2778 557 2866 exempla
581 2777 742 2845 afferam:

435 2941 568 3025 Ἀμήσας
592 2939 683 3028 ἄρδην
707 2943 894 3029 ὀροφηφόρον
918 2941 1032 3029 ἧδρασα
1055 2949 1135 3025 σῆμα

204 3057 262 3111 aut

400 3132 478 3220 Ἤδη
503 3137 550 3219 μοὶ
575 3137 646 3211 Διὸς
669 3134 723 3224 dp'
749 3139 847 3201 ἀπατά
871 3145 949 3226 παρά
973 3161 1025 3216 σοι,
1051 3138 1192 3223 Διομήδη,

202 3316 303 3381 quem
336 3317 477 3363 versum
509 3297 553 3365 Ο.
579 3296 739 3365 lmmisch
765 3297 864 3386 (Mus
890 3297 1001 3364 Rhen.
1026 3296 1141 3364 XLVI
1166 3320 1197 3385 p.
1223 3297 1302 3385 488)
1333 3319 1376 3364 ex

201 3401 421 3491 inscriptione
438 3403 578 3492 parietis
596 3405 830 3494 Pompeianae
849 3405 976 3493 optime
994 3403 1127 3472 sanavit
1133 3427 1142 3486 ;
1168 3427 1245 3471 nam
1264 3405 1295 3470 in
1322 3426 1377 3493 ap·

204 3510 347 3598 pendice
371 3510 520 3598 legimus
545 3513 640 3579 laeso
666 3525 792 3580 metro:

399 3653 480 3742 Ἤδη
506 3658 553 3739 μοὶ
578 3657 650 3730 Διὸς
671 3660 728 3745 ἀρα
751 3657 830 3743 πηηὴ
855 3664 932 3746 παρά
956 3680 1009 3734 σοι,
1035 3657 1175 3742 Διομήδη.

292 3796 401 3865 Etiam
435 3800 526 3887 apud
558 3812 680 3888 poetas
706 3798 848 3867 Latinos
877 3799 955 3866 talia
979 3796 1129 3889 εινῖίῇεἰειΙ
1144 3818 1311 3866 versuum
1336 3797 1378 3864 le-

201 3916 341 3990 guntur,
366 3917 405 3972 ut
428 3908 519 3994 apud
543 3907 766 3995 Optatianum
792 3905 988 3992 Porfyrium
1014 3906 1194 3973 florentem
1220 3905 1377 3993 tempori·

202 4011 266 4078 bus
285 4012 502 4081 Constantini
522 4014 658 4102 Magni;
697 4014 749 4081 ille
784 4026 888 4102 poeta
919 4013 952 4080 in
984 4012 1180 4102 praestigiis
1212 4033 1376 4080 versuum

200 4118 406 4188 adhibendis
449 4143 571 4189 omnes
611 4133 747 4189 ceteros
786 4121 892 4208 longe
931 4120 1045 4188 anteit.
1109 4119 1198 4186 Vide
1237 4139 1378 4187 carmen

200 4225 352 4295 XXVlll
376 4228 544 4311 editionis
571 4251 673 4316 quam
700 4229 833 4297 curavit
857 4227 1033 4296 Lucianus
1058 4228 1218 4295 Mueller:

291 4389 313 4458 ¹)
333 4390 419 4448 Unde
438 4391 508 4449 illud
529 4408 636 4448 nomen
656 4390 781 4461 fluxerit,
802 4390 979 4448 constituere
998 4407 1055 4445 non
1076 4389 1165 4461 potui.

1238 4497 1269 4568 4·
