3038 5010
663 461 881 528 -43-

186 636 239 703 vel
264 659 308 703 ex
332 658 374 703 eo
400 634 634 722 cognoscitur,
667 635 761 722 quod
786 634 924 723 prologi
948 645 1052 722 poeta
1073 644 1124 700 tot
1149 633 1356 720 ambagibus

184 744 349 811 lectorum
376 743 510 810 animos
535 756 729 831 praeparat.

273 849 328 917 De
363 850 556 917 elocutione
588 862 701 916 autem
736 850 802 917 hoc
834 872 940 916 unum
972 870 1099 915 moneo
1132 859 1256 936 poetae
1287 869 1355 915 non

185 957 314 1025 crimini
340 958 545 1024 vertendum
575 979 664 1037 esse,
695 959 788 1045 quod
815 979 847 1028 v.
872 981 893 1043 4
917 957 960 1022 ad
985 954 1176 1039 genitivum
1201 953 1357 1022 infinitivi

184 1075 235 1130 τοῦ
251 1066 282 1130 δὲ
299 1068 339 1151 μὴ
356 1067 447 1129 δοκεῖν
465 1065 756 1153 praepositionem
773 1068 858 1129 ἕνεκα
881 1086 949 1130 non
976 1063 1080 1132 addit.
1128 1062 1241 1130 Huius
1266 1062 1354 1130 enim

185 1194 269 1240 usus
294 1171 377 1238 satis
402 1173 506 1238 multa
530 1174 688 1260 exempla
712 1171 859 1259 legimus
884 1173 915 1237 in
942 1171 1043 1238 novis
1063 1169 1244 1238 Menandri
1268 1169 1357 1256 frag·

184 1279 323 1359 mentis;
349 1279 389 1350 cf.
416 1279 688 1368 Disceptantium
714 1303 746 1350 v.
771 1280 853 1368 306:

862 1384 900 1450 Ἃ
923 1385 948 1450 δ’
974 1386 1008 1448 ἂν
1031 1387 1105 1471 λέγῃ

429 1497 680 1584 προσομολογήσιο
711 1503 762 1558 τοῦ
786 1497 952 1582 διαμαρτεῖν
977 1493 1050 1578 μηδὲ
1075 1495 1106 1557 ἓν

429 1608 557 1691 προτέρα
580 1602 717 1688 λέγους’;

185 1711 239 1777 vel
264 1732 297 1775 v.
322 1732 388 1798 310
413 1710 567 1777 eiusdem
593 1709 739 1791 fabulae,
765 1709 819 1775 vel
844 1731 877 1778 v.
902 1709 946 1796 56
971 1706 1251 1774 Circumtonsae:

869 1818 916 1879 καὶ
939 1821 1110 1901 συνηγμένοι

431 1929 475 1998 εἰς
499 1927 605 1988 ταύτόν
630 1928 699 1989 εἰσιν
723 1927 748 1988 οἱ
772 1926 913 2010 συνήθεις
937 1932 989 1987 τοῦ
1013 1928 1109 2012 φέρειν

430 2034 517 2096 αὐτὸν
541 2034 574 2096 τὸ
597 2043 715 2121 πρᾶγμα
738 2037 815 2118 ῥᾷον,

275 2138 424 2206 Versum
453 2161 492 2226 13
521 2141 723 2206 lacunosum
748 2139 847 2206 Blass
872 2139 961 2205 bene
985 2159 1074 2205 voce
1097 2142 1255 2228 παροψοχή
1280 2160 1357 2226 sup·

186 2247 334 2335 plevisse
359 2246 439 2313 mihi
462 2247 611 2326 videtur;
638 2246 805 2335 syllabam
832 2246 920 2313 enim
947 2289 988 2297 -
1013 2251 1051 2333 ψο
1075 2286 1118 2297 -—
1142 2244 1240 2313 vocis
1264 2270 1357 2335 παρα-

184 2359 262 2442 ψοχή
296 2356 437 2421 brevem
471 2376 550 2421 esse
582 2354 797 2421 demonstrat
827 2377 859 2420 v.
885 2354 951 2420 280
982 2351 1152 2441 Euripidis
1176 2352 1355 2432 Hecubae,

183 2461 241 2528 ubi
265 2462 340 2550 ipso
365 2461 397 2528 in
422 2461 513 2528 exitu
540 2483 664 2528 versus
688 2465 847 2551 παραψοχή
871 2460 1036 2548 legimus:

429 2570 476 2655 ἥδ’
502 2570 564 2632 ἀντὶ
587 2571 709 2633 πολλῶν
734 2571 795 2633 ἐστί
819 2593 865 2653 μοι
888 2573 1058 2658 παραψυχή,

183 2675 219 2742 In
244 2698 350 2742 versu
375 2675 534 2762 sequenti
557 2676 669 2743 lorma
687 2676 783 2743 verbi
808 2678 928 2761 μισθοῦν
953 2676 1006 2742 vel
1032 2679 1204 2760 μισθοῦσθαι
1229 2674 1339 2742 inerat
1348 2698 1356 2756 ;

184 2793 296 2849 cetera
332 2783 482 2849 obscura
516 2793 606 2849 sunt.
654 2781 851 2870 Utrumque
887 2783 1071 2871 prologum
1108 2783 1281 2870 pertinere
1312 2782 1355 2848 ad

184 2888 397 2954 comoediam
424 2886 456 2954 in
482 2889 634 2955 adverso
658 2889 821 2977 scriptam
847 2888 1064 2955 manifestum
1090 2899 1152 2956 est.

272 2994 372 3061 Nunc
394 3017 613 3084 quaeramus
640 3018 730 3084 quae
746 2995 883 3084 prologi
908 2996 951 3061 de
975 2995 1035 3075 eis,
1062 3017 1150 3084 quae
1175 2994 1356 3062 comoedia

184 3101 409 3182 continentur,
440 3101 605 3174 nuntient.
653 3103 769 3169 Primo
793 3101 825 3169 in
851 3103 1000 3190 prologo
1024 3100 1108 3170 satis
1133 3100 1228 3167 aride
1252 3100 1355 3167 tenui·

183 3220 304 3296 terque
335 3231 391 3275 res
425 3209 627 3276 comoediae
651 3209 853 3279 indicantur.
903 3208 1146 3298 Comperimus
1171 3208 1259 3275 enim
1287 3221 1356 3275 tan-

183 3328 252 3381 tum
286 3316 540 3383 adulescentem
574 3338 693 3383 amore
726 3318 902 3384 inductum
934 3316 1060 3384 emisse
1092 3329 1126 3383 et
1165 3315 1290 3382 deinde
1321 3314 1353 3382 in

183 3423 435 3489 matrimonium
486 3423 628 3490 duxisse
675 3424 822 3511 puellam
866 3424 1107 3491 Troezeniam.
1171 3420 1355 3490 Secundus

182 3542 294 3595 autem
331 3530 501 3617 prologus
537 3530 580 3602 de
615 3532 818 3597 comoediae
855 3532 960 3599 rebus
996 3530 1075 3597 nihil
1112 3529 1183 3597 lere
1219 3527 1355 3611 indicat,

183 3637 275 3723 quod
315 3637 439 3726 papyri
476 3660 569 3725 pars,
610 3637 643 3704 in
676 3660 744 3724 qua
783 3651 1026 3724 argumentum
1066 3636 1231 3725 scriptum
1272 3648 1356 3718 erat,

182 3743 293 3810 deleta
328 3757 396 3824 est;
430 3757 561 3810 tantum
594 3745 637 3811 de
671 3745 876 3831 quibusdam
910 3744 1028 3812 amicis
1059 3745 1287 3811 admonemur
1313 3745 1355 3810 ul·

183 3851 264 3918 timo
281 3874 388 3918 versu
413 3852 471 3938 qui
495 3864 656 3919 servatus
682 3862 744 3922 est.
792 3852 860 3918 lam
887 3875 931 3918 ex
955 3851 1061 3939 partis
1080 3851 1249 3918 adversae
1267 3849 1354 3934 frag-

182 3958 303 4025 mentis
326 3958 359 4025 in
377 3959 559 4026 comoedia
577 3959 704 4047 primas
721 3972 839 4048 partes
857 3960 971 4046 egisse
989 3958 1244 4025 adulescentem
1265 3957 1356 4025 vide·

181 4088 257 4133 mus
282 4067 420 4133 nomine
447 4066 673 4148 Phaidimum,
701 4066 759 4155 qui
783 4067 930 4133 maxima
956 4063 1143 4132 diffidentia
1167 4063 1199 4131 in
1225 4064 1355 4133 amicos

181 4195 266 4240 suos
284 4187 346 4241 est.
394 4173 498 4240 Pater
516 4174 732 4240 meretricem
746 4173 790 4239 illi
803 4172 1012 4239 adulescenti
1027 4171 1195 4260 eripuisse
1208 4170 1355 4253 videtur,

182 4302 287 4367 quam
320 4279 353 4346 in
386 4279 637 4347 matrimonium
672 4281 799 4348 ducere
824 4281 990 4348 voluerat.
1039 4278 1086 4348 Ut
1109 4279 1175 4345 iam
1200 4278 1299 4346 Blass
1323 4293 1357 4346 et
