3038 5010
652 328 865 389 ...48-

192 517 397 581 choriambos
425 514 661 580 descendentes
687 516 720 600 (L
733 576 751 589 ,
764 576 783 590 ,
796 558 813 589 ὲ
837 541 895 604 pro
918 565 969 607 ÷v
983 560 1001 588 ὲ
1016 519 1048 601 ,)
1074 519 1266 584 catalectico
1293 519 1328 583 in

200 670 212 695 ,,
225 643 279 694 „c
300 621 372 706 (pro
452 660 469 691 2
484 625 517 704 „l
542 619 696 684 cadentes
719 622 799 686 item
819 629 915 706 atque
940 643 1039 708 supra
1066 644 1140 708 pag.
1161 626 1201 687 20
1223 644 1327 708 agno-

192 727 330 791 scendos
354 748 426 790 esse
450 725 582 791 conicio.

277 831 446 894 Postremo
470 827 668 893 monendum
692 835 752 910 est,
777 851 833 894 eos
858 851 973 894 versus
998 831 1243 913 choriambicos,
1271 831 1329 916 qui

191 934 316 997 nullum
346 932 434 997 aliud
462 933 607 997 variandi
636 952 740 1017 genus
770 934 958 998 admiserint
989 936 1052 999 nisi
1081 935 1206 1000 exitum
1233 941 1327 999 cata-

190 1038 342 1101 lecticum
364 1082 460 1118 o--.
483 1037 545 1100 hac
568 1038 771 1124 paragrapho
796 1060 816 1101 a
838 1060 890 1103 me
914 1044 1070 1152 tractatps
1093 1060 1159 1103 non
1183 1060 1269 1104 esse.

276 1193 437 1278 Inspectis
460 1190 624 1272 versibus,
655 1192 830 1276 inquibus
855 1193 1078 1258 choriambum
1100 1215 1157 1278 pro
1181 1195 1327 1260 diiambo

190 1298 333 1382 positum
355 1296 551 1376 invenimus,
581 1295 663 1360 haec
688 1296 862 1361 statuenda
885 1305 960 1361 sunt
983 1296 1022 1362 de
1043 1318 1104 1362 usu
1128 1299 1327 1364 choriambi:

283 1409 311 1469 1.
334 1403 493 1487 Exceptis
517 1403 622 1487 poetis
639 1402 785 1484 choricis,
808 1402 885 1468 inde
906 1404 946 1468 ab
969 1403 1204 1487 antiquissimis
1219 1404 1328 1490 poetis
1419 1490 1426 1499 ι

190 1509 300 1593 lyricis
324 1505 528 1593 (Sapphonc)
552 1528 656 1591 usque
686 1507 726 1570 ad
749 1507 929 1591 Alexandri
952 1508 1065 1592 Magni
1091 1515 1220 1594 tempus
1247 1509 1327 1573 cho-

189 1612 331 1676 riambus
359 1631 417 1696 pro
446 1611 577 1696 dipodia
603 1611 744 1675 iambica
773 1612 813 1676 ab
838 1612 987 1676 omnibus
1011 1613 1118 1697 poetis
1146 1615 1328 1698 usurpatus

190 1725 257 1794 cst;
280 1717 445 1780 licentiam
469 1720 579 1780 tamen
600 1714 761 1799 quandam
784 1716 817 1778 in
841 1716 1029 1780 choriambo
1049 1715 1193 1780 admixto
1216 1716 1327 1780 inesse

191 1842 229 1885 co
254 1819 442 1893 ostenditur,
470 1818 555 1902 quod
579 1840 642 1881 non
666 1819 700 1881 in
723 1819 834 1903 quavis
857 1840 970 1884 versus
994 1819 1124 1883 iambici
1146 1824 1238 1903 parte
1263 1840 1327 1883 nec

190 1926 293 2008 magis
326 1925 497 1987 coniuncto
522 1943 594 1986 cum
618 1923 731 2006 quavis
763 1922 894 1987 diiambi
923 1922 1101 1986 variatione
1132 1922 1325 1987 choriambo

191 2029 242 2092 usi
266 2034 340 2091 sunt
363 2033 489 2113 poetae.

278 2133 307 2195 2.
333 2129 564 2194 Choriambum
587 2135 696 2192 autem
719 2127 858 2192 diiambo
881 2149 993 2212 parem
1015 2129 1056 2193 ab
1079 2129 1119 2193 iis
1143 2128 1326 2194 adhibitum

191 2256 264 2300 csse
288 2235 369 2298 haec
393 2233 633 2298 demonstrant:

233 2336 266 2422 a)
295 2338 464 2423 responsio
501 2338 586 2400 inter
622 2334 844 2399 choriambum
882 2341 916 2399 et
950 2334 1127 2399 diiambum
1166 2335 1325 2400 admissa:

290 2442 430 2508 Philoct.
458 2443 599 2522 1123,15
613 2470 652 2492 =
667 2442 759 2519 1146,
775 2443 823 2502 15.
868 2459 960 2524 vesp.
986 2442 1078 2520 1450,
1094 2443 1113 2501 5
1127 2471 1166 2493 =
1184 2440 1276 2520 1462,
1291 2443 1326 2504 5.

292 2547 433 2613 Acharn.
457 2550 554 2624 1150,
573 2548 586 2607 1
603 2576 643 2598 =
659 2546 756 2623 1162,
776 2548 804 2608 1.
851 2543 989 2627 Lysistr.
1013 2546 1090 2624 321,
1108 2547 1180 2606 4=
1195 2543 1275 2623 335,
1293 2546 1324 2607 4.

293 2650 613 2731 321,6ε335,6.
665 2647 784 2711 Anacr.
814 2645 852 2708 fr.
884 2647 1272 2726 21,3--21,6;-21,
1293 2648 1324 2711 9.

291 2753 770 2836 61.21,4;21,7--21,13.

233 2857 270 2944 h)
294 2858 379 2942 quod
402 2858 482 2920 nihil
503 2857 655 2936 interest,
685 2860 793 2917 utrum
821 2855 909 2939 prior
936 2875 977 2918 an
1005 2852 1164 2939 posterior
1193 2852 1324 2916 dimetri

292 2962 420 3026 iambici
443 2983 502 3047 pes
519 2959 705 3024 choriambo
723 2960 905 3044 expleatur.
943 2957 1090 3021 Priorem
1108 2957 1194 3021 enim
1209 2957 1323 3020 locum

292 3067 497 3130 choriambus
530 3066 656 3150 explet:
700 3064 798 3148 equit.
822 3067 898 3144 551,
918 3067 945 3128 1.
964 3065 993 3128 2.
1011 3064 1040 3128 3.
1057 3067 1086 3127 4.
1104 3066 1132 3127 5.
1151 3063 1180 3126 6.
1197 3063 1226 3126 7.
1243 3062 1263 3124 8
1280 3092 1322 3115 =

292 3173 369 3251 581,
393 3174 418 3235 1.
441 3173 469 3233 2.
492 3172 521 3232 3.
542 3173 571 3234 4.
595 3173 624 3231 5.
647 3170 675 3232 6.
701 3169 728 3231 7.
753 3170 783 3230 8.
819 3160 822 3168 ’
852 3188 944 3252 vesp.
981 3167 1323 3248 526,6.14.16.17

291 3307 331 3328 =
351 3276 427 3354 631,
445 3277 474 3338 6.
498 3276 546 3336 14.
566 3275 614 3336 16.
636 3275 682 3334 17.
735 3272 858 3335 Alcest.
887 3273 945 3351 86,
963 3273 982 3333 2
1000 3302 1039 3323 =
1058 3270 1112 3350 98,
1133 3273 1163 3335 2.
1208 3267 1323 3355 Eurip.

290 3379 328 3443 fr.
363 3380 442 3458 432,
470 3382 496 3440 1.
553 3376 671 3441 Anacr.
698 3375 736 3438 fr.
768 3377 817 3439 26.
845 3377 894 3437 27.
921 3374 1167 3459 {posteriorem
1197 3372 1322 3436 locum:

292 3478 438 3564 Choeph.
461 3481 512 3558 42,
529 3480 547 3541 8
566 3511 605 3531 =
624 3482 674 3557 54,
692 3479 722 3543 8.
759 3475 853 3540 Aiac.
870 3479 961 3558 1199,
981 3481 995 3539 1
1016 3507 1055 3529 =
1076 3477 1214 3555 1211,1.
1251 3474 1322 3537 An-

291 3585 347 3668 tig.
374 3586 451 3661 781,
476 3586 487 3644 1
510 3614 549 3636 =
569 3585 639 3662 791,
659 3586 685 3646 1.
738 3601 829 3665 vesp.
853 3583 930 3661 526,
958 3584 971 3642 1
992 3581 1127 3659 :631,
1150 3582 1178 3643 1.
1229 3597 1321 3662 vesp.

293 3692 384 3769 1450,
404 3692 431 3753 1.
449 3689 477 3751 3.
495 3687 822 3765 4.6--1462,1.3.
840 3689 868 3748 4.
887 3687 916 3750 6.
954 3683 1215 3769 vcsp.1450‚7.
1254 3680 1323 3766 Ly-

291 3792 376 3855 sistr.
411 3792 488 3869 321,
513 3793 540 3852 1.
559 3791 586 3853 2.
604 3792 633 3853 4.
649 3789 867 3866 5.9=335‚
893 3789 965 3851 1.2.
983 3790 1013 3851 5.
1030 3789 1064 3879 9.,
1124 3784 1223 3849 Herc.
1259 3784 1322 3847 lur.

291 3896 534 3976 usur-2655,
551 3896 578 3955 2.
604 3894 675 3973 763,
690 3893 890 3968 23:772,
906 3893 933 3953 2.
948 3894 976 3953 3.
1016 3888 1088 3974 Iph.
1103 3887 1179 3953 Aul.
1194 3888 1322 3969 1036,2

290 4030 330 4051 =
350 3999 442 4079 1058,
460 3999 489 4061 2.
541 3995 659 4060 Helen.
686 3997 778 4076 1337,
797 3999 824 4060 1.
839 3998 858 4057 2
874 4025 913 4047 --
933 3995 1071 4073 13531.
1090 3995 1117 4058 2.
1169 3990 1321 4055 Dimctcr

290 4100 416 4165 duobus
446 4099 640 4165 choriambis
674 4098 828 4163 efficitur:
867 4096 986 4162 Aesch.
1018 4096 1124 4181 suppl.
1152 4095 1261 4176 538,.7
1279 4126 1320 4150 =

291 4209 368 4287 547,
400 4209 427 4270 7.
482 4203 575 4267 Aiac.
609 4207 706 4285 1199,
734 4206 763 4268 2.
785 4202 1084 4280 3.5ε1211,2.
1106 4201 1135 4264 3.
1156 4203 1186 4263 5.
1243 4198 1320 4263 nub.

291 4314 365 4391 513,
385 4313 413 4373 2.
459 4331 549 4393 vesp.
575 4310 652 4379 526,
676 4307 963 4385 2.15=631‚2.
985 4309 1032 4366 15.
1083 4302 1220 4388 Lysistr.
1246 4305 1318 4385 321,
