3038 5010
656 275 868 340 -87-

194 459 288 522 modo
323 467 398 525 anta
435 461 559 526 ionicos
589 463 743 543 occurrit,
775 470 874 548 atque
910 485 979 528 ran.
1010 467 1087 545 324,
1115 468 1324 546 1=3lo,1

193 562 244 641 (cf.
269 585 300 648 p.
325 566 390 647 75).
436 563 577 630 Ultimus
605 587 720 632 versus
742 566 882 634 dimeter
906 568 1064 634 iambicus
1088 568 1217 634 videtur
1241 592 1326 636 esse.

221 841 222 845 ,
277 778 404 845 Duobis
427 785 601 865 praeterea
622 781 701 844 locis
724 781 962 864 eodemmodo,
994 805 1056 871 quo
1083 807 1148 850 rau.
1171 789 1325 868 324‚1=

195 887 295 966 acal
324 884 379 965 (cf.
402 906 433 970 p.
459 887 522 966 75),
546 892 620 950 ante
644 885 768 951 ionicos
791 887 896 952 forma
917 930 963 954 a-
979 933 1013 954 ι.
1038 896 1193 976 usurpata
1216 897 1283 956 ast:

470 1021 616 1108 Euripid.
640 1021 810 1088 Phoeniss.
838 1027 1044 1088 taso-1541

198 1137 248 1199 ΟΙ.
277 1130 311 1198 τί
332 1127 377 1217 μ’,
401 1123 427 1199 ὦ
449 1123 605 1218 παρθένε,
634 1130 858 1220 βακτρεύμασι
885 1136 1014 1222 τυφλοῦ
1043 1135 1150 1216 ποδὸς
1176 1135 1329 1226 ἐξάγαγες

1110 1241 1143 1320 ἐς
1165 1245 1236 1330 φῶς
1262 1277 1322 1316 isso

277 1336 392 1428 λεχήρη
416 1337 556 1406 σκοτίων
578 1339 615 1405 ἐκ
637 1336 800 1425 θαλάμων
823 1340 1083 1429 οἰκτροτάτοισιν
1106 1342 1268 1432 δάκρυσιν,

280 1439 410 1530 [πολιὸν
433 1439 569 1529 αἰθέρος
591 1437 714 1532 ἀφανὲς
736 1441 880 1529 εἴδωλον,
903 1442 926 1537 ἢ
947 1446 1037 1517 νέκυν
1059 1446 1198 1536 ἔνερθεν,
1221 1446 1243 1540 ἢ

278 1543 404 1616 πτανὸν
427 1543 578 1637 ὅνειρονς]

194 1984 304 2048 Verba
336 1978 659 2072 λεχήρη-δάκρυσιν
690 2005 756 2050 nou
786 1986 1001 2070 probabiliter
1030 1989 1076 2052 ita
1106 1989 1219 2054 divisit
1247 1991 1328 2054 Din-

194 2088 327 2168 dorfius,
358 2095 395 2152 ut
424 2089 557 2174 syllabis
581 2083 843 2173 οἱκτροτάτοισιν
866 2085 1022 2174 δάκρυσιν
1052 2093 1225 2158 dimetrum
1250 2096 1327 2159 cho-

194 2194 385 2257 riambicum
424 2192 552 2278 (ionicis
586 2193 735 2257 versibus
776 2194 1000 2280 subiunctum)
1036 2196 1191 2262 efficeret.
1251 2198 1326 2263 Duo

194 2318 304 2361 versus
328 2297 431 2362 ultimi
454 2298 518 2361 huc
538 2318 603 2363 non
627 2297 799 2382 pertinent.

429 2435 502 2521 Iph.
525 2434 601 2500 Aul.
628 2436 1078 2524 171-175=192-1961)

446 2539 589 2627 Ἀχαιῶν
612 2539 768 2630 στρατιὰν
790 2538 834 2624 ὡς
857 2542 1056 2630 κατιὸοίμαν

450 2651 455 2735 l
473 2642 613 2731 Ἀχαιῶν
635 2672 670 2714 τε
693 2642 822 2727 πλάτας
845 2645 1067 2735 ναυσιπόρους

502 2745 635 2840 ἠιθέων,
660 2741 716 2832 οὓς
733 2752 740 2838 Ι
759 2750 818 2818 ἐπὶ
845 2749 943 2838 Τροί-

501 2883 540 2922 αν
563 2852 694 2936 ἐλάταις
716 2851 915 2938 χιλιόναυσιν
936 2860 940 2940 l

500 2956 556 3027 τὸν
578 2956 702 3041 ξανθὸν
725 2959 894 3028 Μενέλαον
916 2962 982 3027 κτλ.

191 3415 362 3479 Facillime
391 3414 488 3478 ionici
517 3414 759 3493 continuentur,
792 3414 819 3477 si
848 3406 964 3478 versus
997 3413 1045 3478 ita
1072 3413 1261 3477 dividuntur
1287 3421 1323 3477 ut

192 3540 290 3604 supra
311 3518 439 3583 lineolis
464 3517 680 3601 significatum
704 3523 765 3584 est.
807 3517 932 3582 Versus
951 3517 1040 3609 iude
1071 3538 1091 3579 a
1115 3511 1172 3583 τὸν
1199 3513 1323 3598 ξανθὸν

196 3626 260 3687 non
283 3622 435 3688 videntur
457 3621 665 3687 consociandi
689 3644 762 3686 esse
787 3643 860 3685 cum
882 3620 1166 3707 praecedentibus.
1350 3691 1352 3695 ,

277 3725 344 3788 vix
366 3724 499 3788 dubium
531 3730 594 3804 cst,
624 3724 701 3808 quiu
729 3723 906 3788 Persarum
937 3722 1071 3807 stropha
1094 3725 1264 3787 oua-652
1280 3757 1320 3778 =

190 3831 360 3894 653—*657
384 3829 447 3892 huc
470 3850 533 3892 non
549 3828 723 3914 pertineat.
760 3827 844 3891 Nam
860 3827 1007 3913 quamvis
1027 3827 1152 3912 priores
1169 3826 1232 3890 duo
1249 3849 1319 3892 ver-

191 3954 245 3996 sus
270 3931 463 3995 choriambis
486 3937 519 3995 et
542 3930 656 3996 ionicis
681 3929 852 4015 compositi
883 3951 956 3994 esse
986 3929 1171 4010 videantur,
1204 3929 1320 3994 tertius
1401 3981 1403 3986 .

189 4037 308 4102 idonea
337 4036 556 4121 explicatione
588 4042 690 4116 caret,
721 4035 783 4099 nisi
814 4034 1038 4120 logaoedicum
1069 4039 1180 4118 putes;
1211 4035 1320 4118 itaque

226 4134 233 4156 .

259 4245 279 4312 1)
299 4242 398 4311 caasa,
417 4240 594 4297 Continuata
611 4260 638 4310 p.
656 4240 698 4295 ιτ.
