3038 5010
599 453 813 519 ,3ο-

116 627 194 693 bam
227 627 367 713 longam
399 627 585 715 poscimus.
636 626 867 695 Wilamowitz
896 629 1009 695 locum
1036 628 1165 717 optime
1189 639 1224 696 et
1246 628 1290 694 f-

114 734 236 801 cillime
271 733 406 801 sanavit
441 733 562 801 ordine
599 737 786 802 verborum
819 747 956 802 'mutato
989 749 1024 803 et
1056 735 1223 824 particula
1257 759 1290 800 τε

115 840 222 908 textui
247 840 383 919 inserta,
410 853 446 907 ut
471 863 596 908 versus
618 841 757 928 legatur
780 843 847 909 hoc
870 845 992 910 modo:

345 1029 431 1118 ἄρρεν
456 1053 488 1092 τε
512 1031 591 1114 θῆλύ
615 1030 643 1094 θ’
670 1036 730 1114 ἅμα
754 1040 878 1095 τεκοῦσα
901 1035 1060 1120 παρθένος,

204 1217 236 1303 2)
261 1214 402 1303 Optime
440 1216 593 1283 nonnulli
630 1217 787 1284 homines
826 1216 917 1284 docti
955 1217 1110 1285 scribunt
1145 1218 1289 1307 ἐπιτρόπῳ

115 1345 180 1411 pro
205 1325 250 1386 ἐπὶ
272 1331 381 1411 τροφῷ,
408 1344 497 1409 quae
520 1324 655 1390 medela
679 1323 861 1412 perspicua
887 1337 948 1391 est.
1033 1311 1036 1316 ’

206 1447 305 1513 Nunc
330 1469 439 1535 pauca
467 1448 511 1514 de
536 1460 646 1515 metro
672 1448 772 1515 huius
797 1448 1002 1535 argumenti.
1050 1450 1186 1516 Auctor
1218 1448 1288 1516 imi·

115 1564 206 1621 tatur
241 1555 433 1621 trimetrum
470 1557 637 1622 comicum
646 1578 654 1635 ;
689 1577 766 1622 nam
798 1554 945 1642 primum
979 1555 1142 1623 tribrachi
1176 1556 1290 1624 inves·
1332 1576 1335 1583 ’

114 1660 284 1744 tigantur:
314 1662 423 1750 prima
448 1661 479 1728 in
505 1663 590 1730 sede
614 1668 658 1747 (v.
675 1663 720 1751 5),
752 1663 907 1730 secunda
931 1661 965 1729 in
990 1664 1074 1730 sede
1100 1668 1144 1746 (v.
1161 1685 1192 1744 2,
1227 1664 1289 1750 11),

114 1769 213 1835 tertia
244 1768 275 1835 in
308 1770 392 1835 sede
417 1771 615 1856 ([v.1),1o),
649 1780 770 1856 quarta
794 1769 825 1835 in
849 1768 934 1836 sede
958 1770 1003 1857 (v.
1027 1769 1072 1855 8),
1106 1769 1225 1856 quinta
1256 1768 1289 1836 in

113 1876 200 1942 sede
224 1875 269 1962 (ν.
280 1898 311 1963 3,
339 1884 402 1958 10),
427 1875 528 1964 eique
553 1897 674 1943 omnes
692 1888 784 1942 recte
800 1874 996 1964 compositi;
1022 1875 1147 1943 deinde
1162 1874 1290 1964 dactyli

115 1981 213 2049 tertia
230 1983 262 2048 in
288 1984 372 2050 sede
389 1988 433 2068 (v.
447 1985 477 2058 6,
492 2005 522 2071 7,
541 1987 590 2065 12)
617 2004 738 2049 omnes
755 1983 786 2049 in
814 2004 973 2063 caesura;
998 1995 1070 2049 tum
1095 1981 1289 2071 anapaesti:

114 2089 225 2178 prima
248 2089 280 2156 in
305 2091 389 2158 sede
410 2091 456 2177 (v.
467 2113 497 2176 4,
522 2091 567 2177 6),
593 2089 691 2157 tertia
715 2089 746 2156 in
772 2091 857 2156 sede
881 2090 981 2177 (ud),
1008 2089 1124 2178 quinta
1147 2089 1179 2156 in
1204 2089 1289 2157 sede

114 2200 160 2283 (v.
186 2199 235 2286 4);
260 2198 360 2264 etiam
387 2197 417 2264 in
444 2197 695 2285 compositione
712 2209 979 2284 anapaestorum
1001 2209 1099 2263 extra
1118 2196 1289 2264 licentiam

114 2317 294 2392 poetarum
332 2304 543 2370 comicorum
570 2303 888 2391 didacticorumque
921 2325 990 2370 non
1022 2303 1200 2386 egreditur
1229 2302 1289 2372 nic

114 2423 245 2478 auctor.
294 2410 527 2478 Caesurarum
544 2423 657 2478 autem
672 2411 892 2477 inveniuntur
905 2410 1032 2499 septies
1045 2409 1289 2498 semiquinaria

113 2526 158 2602 (v.
177 2540 203 2597 1,
218 2542 248 2605 4,
261 2519 292 2596 6,
307 2539 337 2605 7,
355 2540 470 2599 10,11,
491 2524 552 2599 12),
578 2530 700 2604 quater
717 2518 999 2605 semiseptenaria
1016 2522 1062 2602 (v,
1075 2541 1106 2607 3,
1131 2540 1162 2606 5,
1186 2515 1217 2597 8,
1242 2520 1287 2605 9),

113 2625 220 2692 semel
253 2623 418 2691 diaeresis
451 2609 565 2691 medio
597 2625 629 2690 in
662 2647 765 2692 versu
799 2628 844 2711 (v,
869 2628 918 2710 2);
956 2624 1054 2691 binos
1090 2623 1288 2712 trisyllabos

112 2732 221 2820 pedes
246 2731 405 2798 videmus
435 2731 466 2796 in
499 2733 705 2819 versibus4
740 2733 843 2818 (duos
879 2734 1113 2821 anapaestos),
1153 2734 1289 2818 6(ana·

112 2852 269 2927 paestum
308 2851 340 2905 et
376 2840 572 2927 dactylum),
610 2840 898 2927 blanapaestum
927 2852 960 2906 et
988 2839 1220 2925 tribrachum),
1249 2861 1289 2905 ιο

113 2947 215 3029 (duos
232 2947 448 3032 tribrachos).
492 2945 628 3030 Quibus
646 2970 690 3012 ex
708 2947 812 3013 rebus
830 2950 942 3013 elucet
960 2948 1026 3013 hoc
1044 2958 1288 3033 argumentum

113 3075 180 3118 non
206 3052 334 3120 distare
366 3054 408 3120 ab
440 3054 502 3120 illis
535 3054 724 3121 fabularum
759 3054 1106 3142 Aristophanearum.
1161 3053 1288 3140 Quam·

114 3181 215 3247 quam
241 3160 344 3248 paulo
369 3160 490 3227 melius
515 3160 567 3228 hic
594 3174 714 3226 auctor
736 3183 808 3226 rem
827 3161 908 3247 egit,
934 3161 1096 3227 tamenin
1117 3160 1288 3229 nonnullis

89 3266 250 3332 'erravit
298 3267 352 3333 Ac
378 3267 525 3354 primum
552 3267 689 3355 quidem
716 3280 837 3335 contra
862 3290 962 3334 usum
984 3268 1136 3334 Atticum
1163 3269 1287 3332 ὑπέθετο

111 3371 247 3460 scripsit
271 3395 335 3460 pro
361 3375 488 3458 ὑπέθηκε
507 3380 604 3462 (ug),
631 3387 701 3440 tum
728 3398 771 3440 ex
785 3374 875 3441 Davi
899 3374 1096 3442 narratione
1113 3395 1287 3462 v.32sqq.

111 3481 222 3547 elucet
237 3480 395 3567 geminos
413 3482 551 3548 omnino
572 3504 640 3548 non
658 3504 677 3548 a
692 3480 794 3548 Tibio
810 3482 898 3570 patri
916 3481 1053 3569 pignori
1070 3483 1172 3548 datos
1196 3502 1286 3549 esse.

201 3607 279 3673 Non
311 3608 580 3694 praetermittam
614 3607 728 3674 omnia
757 3619 973 3694 argumenta,
1000 3628 1089 3694 quae
1114 3605 1288 3694 Sulpicius

111 3713 321 3801 Apollinaris
343 3714 484 3781 Terenti
510 3715 699 3780 comoediis
724 3713 910 3802 praemisit,
945 3712 1093 3778 eundem
1119 3733 1287 3780 versuum

111 3843 291 3887 numerum
318 3822 489 3910 praebere
514 3843 617 3908 quem
644 3824 710 3887 boc
736 3820 863 3887 Herois
889 3819 1100 3886 Menandrei.

200 3945 323 4012 Videte
347 3945 413 4012 iam
440 3969 546 4034 porro
573 3945 626 4011 illa
653 3947 721 4012 duo
747 3958 963 4031 argumenta,
990 3966 1080 4031 quae
1104 3957 1184 4012 sunt
1207 3943 1288 4011 ficta

111 4054 153 4119 ad
174 4054 373 4140 tragoedias
388 4053 583 4141 Sophoclis.
632 4052 761 4120 Ordiar
778 4055 820 4119 ab
839 4065 1046 4139 argumento
1064 4051 1286 4132 Philoctetae,

111 4160 205 4245 quod
240 4160 312 4227 eius
345 4182 486 4247 quoque
519 4172 663 4226 metrum
691 4159 852 4246 congruit
877 4182 954 4226 cum
980 4159 1196 4246 argumentis
1220 4179 1286 4225 me

109 4265 201 4333 tricis
226 4289 332 4353 supra
357 4266 520 4335 tractatis.
