3038 5010
649 318 861 380 „34-

552 497 657 525 (λὶι

544 528 618 593 ηνιχ
644 527 661 570 ο
685 499 963 590 κραιπαλόκωμος

537 615 609 690 τοῖς
632 608 748 697 ἱεροῖσι
771 607 917 697 χότροισι

393 719 490 801 χωρεῖ
512 709 580 781 κατ’
607 711 685 799 ἐμὸν
706 714 838 799 τέμενος
859 716 946 781 λαιόν
969 708 1071 796 όχλος.
1271 744 1320 783 aso

540 819 725 905 βρεκεκεκὲξ
746 816 829 899 κοὰξ
850 815 953 905 κοάξ]

189 949 326 1034 Propter
348 971 463 1014 versus
480 952 542 1013 218
561 971 629 1035 sqq.
652 943 736 1037 ἡνίχ’
751 942 768 1014 ό
784 943 1063 1035 κραιπαλόκωμος
1083 971 1111 1011 κ.
1124 970 1152 1011 τ.
1165 946 1193 1010 λ.
1217 945 1322 1009 oredi-

188 1053 285 1116 bilius
317 1059 367 1117 est
395 1054 478 1117 hane
510 1054 675 1140 stropham
704 1054 870 1138 glyconeis
899 1058 1064 1132 constare,
1094 1049 1240 1136 quamvis
1264 1069 1323 1113 eos

189 1178 316 1238 versus,
347 1158 401 1241 qui
424 1156 639 1242 praecedunt,
664 1156 780 1221 iambis
803 1178 930 1242 quoque
955 1156 1096 1220 dimetiri
1118 1155 1237 1241 possis,
1261 1152 1321 1216 ad-

190 1262 290 1324 missa
313 1268 387 1325 tone
412 1262 446 1324 in
470 1262 574 1346 prima
598 1261 676 1325 sede
693 1261 833 1339 ‚alterius
856 1260 965 1325 iambi,
1003 1259 1064 1323 Oui
1088 1259 1239 1344 strophae
1264 1256 1322 1321 ad-

189 1365 310 1428 mixtus
334 1371 384 1428 est
406 1369 555 1428 versus5
579 1364 676 1428 huius
700 1365 875 1428 schematis

541 1475 906 1517 --υ-,-υυ-,υ--.

189 1555 346 1619 Metrieae
369 1555 492 1621 formae
517 1557 620 1620 solius
645 1557 672 1619 si
694 1557 853 1620 rationem
881 1555 1050 1635 habueris,
1082 1554 1168 1618 huno
1191 1573 1324 1618 versum

188 1660 243 1740 iis,
269 1659 308 1723 de
332 1659 448 1744 quibus
473 1656 677 1746 supradixi,
701 1659 877 1744 adiungere
901 1660 1027 1731 iicebit;
1056 1658 1113 1724 sed
1141 1660 1168 1722 si
1190 1664 1324 1744 reputa-

190 1765 276 1828 veris
298 1820 315 1830 -
327 1821 343 1830 .
356 1807 377 1831 o
389 1813 418 1845 -,
442 1823 458 1830 -
471 1807 520 1831 σε
532 1822 548 1830 -
565 1784 629 1827 non
653 1765 718 1848 legi
741 1765 805 1828 nisi
828 1765 861 1827 in
885 1765 976 1828 initio
995 1763 1201 1849 stropharum
1218 1763 1324 1827 autin

190 1868 229 1931 iis
247 1869 398 1954 strophis,
423 1890 506 1954 quae
531 1890 550 1932 a
572 1927 588 1934 -
602 1927 618 1935 -
631 1912 651 1934 υ
664 1927 693 1952 -,
711 1927 727 1935 -
740 1911 790 1934 σε
803 1927 819 1935 .
839 1869 1007 1953 ineipiuut‚
1031 1868 1231 1954 probabilius
1248 1888 1324 1933 eum

191 1994 264 2036 eum
298 1973 464 2057 glyconeis
501 1972 653 2058 strophae
690 1973 881 2057 coniungas,
916 1974 1108 2058 praesertim
1138 1993 1211 2035 oum
1239 1971 1324 2034 anti-

191 2077 324 2161 stropha
346 2078 436 2140 nulla
458 2076 565 2141 lueem
588 2077 714 2140 afferat.

277 2249 368 2314 Inter
402 2242 571 2334 reliquias⁴
591 2269 703 2312 eorum
738 2254 926 2332 poetarum,
969 2269 1104 2334 quorum
1137 2251 1325 2333 poematum

190 2353 373 2437 fragmenta
401 2358 525 2416 tantum
556 2359 685 2416 servata
715 2357 805 2431 sunt,
835 2353 938 2438 primo
961 2353 1033 2417 loeo
1056 2351 1250 2416 nominanda
1274 2355 1326 2413 est

192 2457 325 2543 stropha
347 2458 403 2522 illa
425 2457 643 2522 Arrcueorrrs
666 2456 704 2520 fr.
722 2459 779 2519 21:

629 2577 735 2665 ξανθῇ
758 2576 794 2643 δέ
815 2570 840 2663 γ’
859 2572 1030 2665 Εὐρυπόλη
1052 2576 1142 2661 μέλει

527 2674 544 2747 ό
569 2677 791 2769 περιφόρητος
812 2679 988 2768 Ἀρτέμων·

261 2782 341 2870 πρὶν
362 2783 421 2868 μέν
443 2779 523 2866 έχων
544 2783 718 2871 βερβέριον,
742 2777 928 2869 καλύμματ’
955 2782 1178 2872 ἐσφηκωμένα,

261 2886 317 2953 καὶ
340 2884 487 2968 ξυλίνους
509 2881 732 2974 ἀστραγάλους
754 2887 787 2954 ἐν
809 2882 882 2969 ὠσί,
906 2886 962 2953 καὶ
987 2883 1086 2974 ψιλὸν
1109 2887 1186 2971 περί

529 2992 686 3080 πλευρῇσι
710 2985 811 3077 (δέρμ’
838 2985 902 3079 ᾔει)
926 2986 1014 3076 βοός,

265 3089 428 3183 νήπλυτον
451 3090 568 3180 εἰλυμα
590 3098 693 3185 κακῆς
714 3089 868 3176 ἀσπίδος,
892 3088 1114 3182 ἀρτοπώλισιν

265 3192 564 3287 κάθελοπόρνοισιν
587 3193 727 3285 ὁμιλέων
749 3193 766 3266 ὃ
791 3195 934 3286 πονηρός
951 3192 1125 3285 Ἀρτέμων,

528 3304 683 3393 κίβδηλον
706 3299 863 3393 εὑρίσκων
885 3301 973 3390 βίον·

263 3404 371 3473 πολλὰ
391 3408 449 3492 μὲν
465 3408 497 3474 ἐν
514 3408 605 3495 δουρί
621 3408 732 3488 δεθεὶς
751 3403 877 3490 αὐχένα,
902 3403 1010 3474 πολλὰ
1026 3401 1056 3472 δ’
1076 3406 1109 3472 ἐν
1122 3412 1237 3496 τροχῷ,

265 3508 373 3578 πολλὰ
397 3512 433 3579 δὲ
454 3516 554 3579 νῶτον
576 3510 708 3600 σκυτίνῃ
731 3509 867 3599 μάστιγι
889 3510 1087 3596 θωμιχθείς,
1110 3507 1213 3599 κόμην

531 3612 674 3704 πώγωνά
696 3611 726 3683 τ’
753 3614 982 3700 ἐκτετιλμένος.

265 3721 319 3784 νῦν
335 3714 365 3784 δ’
385 3718 551 3807 ἐπιβαίνει
575 3720 738 3802 σατινέων,
762 3716 881 3808 χρόσεα
904 3719 1030 3808 φορέων
1045 3717 1241 3806 καθέρματα

267 3822 350 3905 πάϊς
363 3822 481 3914 Κόκης,
505 3826 561 3892 καί
586 3823 778 3912 σκιαδίσκην
800 3822 1006 3913 ἐλεφαντίνην
1028 3829 1124 3913 φορεῖ

534 3929 679 4017 γυναιξίν
702 3926 816 4009 αότως.
