3038 5010
651 437 871 506 -50,

175 615 260 681 mari
291 613 371 681 mihi
403 614 541 681 videtur
572 636 613 680 ea
645 637 692 695 re,
726 615 820 701 quod
850 613 1065 702 hypotheses
1089 614 1252 681 metricae
1275 625 1351 681 toto

175 722 270 789 caelo
284 722 410 789 distant
425 722 468 788 ab
487 720 740 810 hypothesibus
758 720 914 788 oratione
931 721 1044 788 soluta
1061 721 1207 810 scriptis,
1253 719 1351 789 Sem·

173 853 236 919 per
253 831 341 898 enim
359 831 574 920 hypotheses
588 841 749 896 metncae
763 830 932 916 praebent
946 830 1075 896 nudum
1093 840 1350 913 argumentum,

175 937 252 1006 nihil
278 960 442 1025 umquam
467 938 510 1004 de
536 938 654 1017 chor0,
681 937 724 1003 de
748 935 893 1019 actione,
919 937 962 1003 de
987 947 1114 1003 eventu
1140 935 1275 1004 fabulae
1299 958 1350 1004 re·

173 1046 296 1124 lerunt,
330 1045 361 1111 in
388 1045 511 1131 quibus
537 1046 739 1111 enarrandis
764 1044 979 1132 hypotheses
1004 1042 1186 1131 pedestres
1210 1064 1350 1110 versan-

172 1154 274 1239 tur1).
322 1150 403 1235 Quo
421 1151 521 1217 etiam
541 1149 663 1217 factum
685 1162 747 1229 est,
773 1163 809 1217 ut
826 1149 936 1238 prima
953 1162 1075 1217 natura
1092 1148 1229 1238 prologi
1246 1150 1350 1237 plane

172 1259 428 1327 oblitteraretur
445 1270 479 1325 et
495 1270 700 1344 argumenta
713 1257 854 1324 metrica
871 1257 994 1325 fierent
1019 1255 1118 1343 quasi
1142 1256 1227 1324 tituli
1250 1256 1349 1323 fabu-

171 1366 291 1447 larum,
317 1365 376 1454 qui
400 1366 468 1455 apti
494 1376 591 1432 erant
608 1365 651 1432 ad
674 1365 960 1453 perdiscendum,
986 1365 1031 1431 ob
1056 1365 1089 1432 id
1114 1364 1226 1453 ipsum
1251 1386 1349 1431 acro·

171 1474 289 1541 stichis
306 1474 430 1562 aliique
447 1473 544 1539 lusus
561 1473 777 1555 adhibentur,
805 1487 840 1538 ut
864 1471 994 1540 facilius
1019 1472 1185 1539 memoria
1209 1484 1348 1539 tenean-

172 1594 228 1648 tur
258 1592 475 1668 argumenta.
522 1579 703 1647 Exstitisse
733 1593 939 1668 argumenta
970 1579 1166 1647 acrosticha
1198 1577 1347 1655 Graeca,

171 1689 214 1756 ad
240 1711 387 1778 quorum
413 1688 571 1775 exempla
588 1688 742 1754 Plautina
768 1687 961 1776 composita
985 1699 1075 1767 sunt,
1101 1686 1167 1752 iam
1193 1685 1250 1753 vix
1274 1696 1348 1774 pot·

170 1810 223 1864 est
246 1796 367 1885 negari
392 1808 473 1884 post
496 1796 682 1884 prologum
708 1794 975 1863 Ghoranensem
1001 1807 1188 1883 repertum.

598 2174 917 2312 Epimetrum.

312 2424 375 2501 De
405 2425 590 2505 versibus
619 2425 862 2528 anacyclicis
893 2424 960 2527 qui
990 2434 1196 2503 vocantur.

256 2637 377 2705 Exstat
401 2638 517 2726 figura
540 2637 723 2720 rhetorica,
759 2660 860 2725 quam
885 2636 1082 2704 Volkmann
1106 2636 1139 2703 in
1163 2634 1251 2703 libro
1275 2657 1341 2704 suo

170 2745 255 2827 ,Die
281 2745 447 2813 Rhetorik
472 2747 535 2813 der
560 2744 734 2813 Griechen
752 2745 822 2812 und
841 2744 992 2812 Romer“
1011 2768 1044 2834 p.
1060 2765 1125 2832 397
1139 2765 1217 2831 sqq.
1235 2745 1342 2808 ἐπανά-

165 2856 254 2940 ληψιν
271 2857 426 2937 vocat²);
452 2854 611 2941 exempla
635 2855 853 2940 ἐπαναλήψειος
878 2852 1020 2919 afferam
1045 2852 1135 2920 duos
1159 2853 1258 2918 locos
1271 2849 1341 2919 Ho-

165 2960 250 3027 meri
273 2959 309 3027 X
334 2983 367 3027 v.
395 2983 456 3049 127
470 2982 538 3048 sq:

377 3076 420 3156 τῷ
442 3073 638 3158 ὀαριζέμεναι,
664 3073 683 3131 ἅ
707 3091 740 3132 τε
763 3071 913 3157 παρθένος
936 3071 1042 3155 ἠίθεος
1065 3090 1098 3131 τε

376 3180 525 3266 παρθένος
550 3179 655 3264 ἠίθεος
680 3174 707 3239 τ’
733 3180 887 3264 ὀαρίζετον
911 3178 1057 3263 ἀλλήλοιν

162 3281 195 3348 Y
221 3306 253 3354 v.
277 3304 342 3371 372
356 3305 424 3370 sq.:

313 3398 356 3478 τῷ
376 3390 401 3455 δ’
416 3390 473 3476 ἐγὼ
498 3395 599 3465 ἀντίος
623 3385 688 3475 εἶμι,
714 3392 760 3455 καὶΙ
785 3394 808 3454 εἰ
831 3393 898 3480 πυρὶ
922 3400 1026 3480 χεῖρας
1049 3393 1150 3468 ἔοικεν,

313 3502 337 3563 εἰ
353 3501 419 3581 πυρὶ
434 3508 539 3588 χεῖρας
563 3502 646 3575 ἔοικε,
674 3503 765 3583 μένος
787 3497 813 3562 δ’
839 3497 941 3562 αἴθωνι
965 3501 1084 3587 σιδήρῳ.

161 3606 258 3674 Haec
287 3608 473 3694 ἐπανάληψις
512 3610 559 3674 ita
597 3606 718 3694 augeri
753 3617 870 3695 potest
897 3607 948 3691 (ut
983 3605 1014 3672 in
1051 3605 1201 3694 prologo
1225 3603 1337 3693 primo

250 3820 269 3888 ¹)
289 3822 332 3876 Ne
357 3821 494 3876 iudicium
523 3821 643 3892 quidem
663 3823 701 3875 de
720 3821 817 3876 sabula
837 3822 934 3876 ferunt
954 3830 1127 3891 argumenta
1146 3819 1270 3875 metrica
1289 3837 1337 3875 ex·

160 3911 253 3982 ceptis
273 3910 409 3966 versibus
428 3910 483 3966 illis
503 3912 540 3966 de
559 3910 698 3980 NubibuS,
719 3929 793 3982 quos
813 3928 903 3982 supra
922 3909 1055 3965 tractavi.

248 4001 270 4067 ²)
293 4000 327 4056 cf.
347 4001 510 4056 Alexandri
535 4001 672 4055 Numenii
698 4000 756 4069 filii,
783 4002 831 4072 qui
858 4000 999 4055 Hadriani
1024 4000 1208 4071 temporibus
1231 3999 1336 4070 ssoruit,

156 4093 262 4148 librum
286 4086 338 4163 περὶ
363 4097 414 4144 τῶν
432 4098 478 4164 τῆς
498 4089 602 4144 διονοία’
622 4086 661 4143 καὶ
680 4097 727 4163 τῆς
744 4090 842 4160 λέξειας
861 4091 1004 4163 σχημάτων,
1032 4090 1060 4145 in
1089 4108 1146 4161 quo
1167 4091 1254 4145 etiam
1276 4090 1337 4161 agit

156 4177 212 4255 περὶ
232 4181 419 4241 ἀναδιπλοὲσεοις
433 4181 449 4253 ᾖ
465 4178 628 4252 πολιλλογιάς
643 4181 658 4253 ἢ
677 4180 872 4253 ἐπαναλήψεως;
892 4180 962 4235 vide
977 4180 1085 4235 Walzii
1099 4181 1233 4235 rhetores
1246 4178 1336 4235 Grae·

156 4289 207 4327 cos
227 4272 284 4326 vol.
305 4272 377 4340 Vlll,
397 4289 425 4342 p.
445 4272 499 4340 462
518 4280 547 4326 et
566 4272 628 4341 463.
