3038 5010
665 447 885 514 „49-

188 624 295 692 modo
311 647 350 691 re
367 646 451 692 vera
468 622 610 691 metrica
633 634 839 706 argumenta
865 634 942 690 orta
966 644 1047 691 esse
1070 624 1208 703 docent,
1233 623 1261 690 si
1284 623 1366 713 quid

188 731 301 812 video,
333 731 471 821 prologi
495 729 761 812 GhoranenseS,
791 728 848 819 qui
882 729 970 797 inter
1001 751 1107 798 veros
1133 730 1303 818 prologos
1335 744 1368 799 et

188 850 395 926 argumenta
429 839 570 906 metrica
607 838 757 906 medium
795 839 910 906 locum
946 851 1073 908 tenent.
1128 837 1198 906 Iam
1233 861 1303 907 non
1335 839 1368 906 in

189 947 323 1014 theatro
342 945 538 1027 recitantur,
563 967 633 1012 non
651 968 670 1013 a
688 946 823 1014 fabulae
847 957 949 1034 poeta
967 944 1044 1034 ipso
1066 945 1250 1035 compositi
1274 959 1367 1027 sunt,

189 1053 252 1120 sed
268 1065 453 1121 servarunt
469 1054 697 1141 prologorum
720 1052 807 1120 deos
832 1066 1039 1140 argumenta
1063 1072 1256 1122 narrantes.
1303 1052 1364 1120 lm·

189 1160 307 1249 primis
339 1174 452 1228 autem
486 1160 542 1227 illo
575 1172 781 1243 argumento
807 1161 851 1226 ad
875 1159 1024 1228 fabulam
1049 1160 1232 1229 Menandri
1256 1184 1369 1250 nuper

190 1282 362 1356 repertam
394 1267 474 1335 mihi
505 1267 666 1335 illustrari
704 1266 841 1335 videtur
872 1281 1076 1356 argumenta
1113 1269 1253 1337 metrica
1287 1291 1368 1338 esse

191 1387 372 1464 correptos
393 1375 574 1463 prologos.
623 1374 711 1443 Nam
738 1374 896 1442 conferas
922 1397 1054 1464 quaeso
1071 1376 1281 1466 hypothesin
1301 1378 1369 1446 Me·

191 1482 366 1550 nandreae
396 1481 531 1549 fabulae
561 1504 638 1549 cum
668 1482 823 1550 secunda
847 1494 945 1570 parte
969 1483 1056 1551 illius
1080 1484 1219 1573 prologi
1245 1485 1369 1574 papyri

190 1590 502 1676 Argentoratensis
531 1602 589 1658 aut
617 1608 696 1657 cum
721 1591 842 1658 eadem
868 1603 966 1678 parte
991 1592 1220 1680 prologorum
1246 1591 1368 1660 Plauti·

190 1702 360 1781 norum¹),
397 1720 466 1787 qua
496 1697 693 1766 continetur
723 1711 967 1785 argumentum
998 1698 1143 1780 fabulae,
1177 1699 1209 1766 in
1243 1699 1369 1788 quibus

191 1805 351 1872 omnibus
370 1820 613 1893 argumentum
636 1806 813 1895 perlucide
837 1828 901 1873 nec
925 1818 995 1873 tam
1019 1809 1249 1894 neglegenter
1272 1820 1310 1875 ut
1333 1808 1366 1874 in

190 1912 416 1999 argumentis,
442 1934 532 2000 quae
549 1910 593 1980 ad
610 1911 857 2000 Aristophanis
874 1912 1008 1981 fabulas
1026 1925 1172 1996 exstant,
1198 1927 1367 1983 narratur.

279 2018 351 2088 Sed
383 2018 438 2087 hic
470 2032 614 2108 quaerat
646 2019 826 2109 quispiam,
861 2021 1041 2109 quomodo
1066 2019 1188 2109 aliquis
1213 2021 1370 2091 inciderit

193 2125 225 2193 in
249 2138 455 2214 argumenta
479 2128 522 2195 ad
540 2127 787 2216 Aristophanis
810 2125 944 2195 fabulas
968 2127 1145 2216 fingenda.
1194 2128 1299 2215 Quod
1325 2129 1369 2199 fa·

192 2233 253 2300 cile
283 2255 362 2301 esse
393 2232 565 2302 intellectu
599 2247 693 2323 puto.
742 2233 789 2303 Ut
820 2234 910 2302 enim
935 2234 1083 2324 prologi,
1118 2235 1245 2324 quibus
1269 2260 1369 2325 argu·

192 2353 307 2408 menta
341 2339 533 2409 fabularum
570 2341 801 2424 continentur,
839 2343 883 2410 ad
919 2343 1120 2412 comoedias
1156 2344 1369 2415 recentiores

193 2445 348 2515 Graecas
380 2449 574 2531 exstabant,
610 2449 655 2516 ita
688 2471 751 2517 eos
775 2450 825 2535 ‚ad
860 2450 1060 2519 comoedias
1091 2450 1368 2541 Aristophaneas

193 2567 316 2643 postea
343 2557 386 2623 ab
419 2555 469 2637 iis,
504 2555 563 2643 qui
594 2556 768 2644 legebant,
801 2556 1018 2627 desideratos
1044 2580 1123 2628 esse
1145 2559 1271 2633 iudico.
1321 2561 1369 2629 At

193 2661 287 2751 prior
310 2686 391 2751 pars
421 2663 660 2752 prologorum,
692 2686 761 2754 qua
785 2679 889 2754 poeta
913 2667 969 2734 vel
993 2669 1037 2735 de
1062 2667 1184 2737 studiis
1208 2667 1280 2736 suis
1305 2668 1369 2736 dis·

194 2770 299 2838 seruit
342 2770 397 2838 vel
440 2771 665 2840 adversarios
709 2795 903 2862 aggressus
946 2786 1000 2843 est
1041 2815 1083 2824 —
1119 2797 1209 2863 quae
1244 2788 1369 2865 poetae

194 2890 331 2945 veteres
366 2878 487 2946 comici
525 2879 640 2948 facere
675 2880 835 2949 solebant
869 2880 902 2948 in
940 2882 1111 2970 parabasi,
1151 2905 1241 2971 quae
1276 2885 1367 2972 apud

194 2984 405 3053 recentiores
437 2998 559 3074 poetas
593 2986 747 3055 comicos
781 3010 850 3055 non
884 2999 997 3056 exstat
1013 2991 1287 3078 -temporibus
1312 3014 1368 3080 po-

193 3091 397 3160 sterioribus
423 3093 466 3161 ad
493 3107 700 3181 argumenta
720 3094 1058 3184 Aristophanearum
1083 3095 1276 3165 fabularum
1299 3120 1368 3165 non

193 3198 259 3265 iam
283 3199 403 3267 referri
427 3201 548 3289 potuit.
594 3201 765 3290 Equidem
790 3224 879 3290 ergo
903 3203 995 3285 illud,
1028 3204 1122 3292 quod
1148 3203 1271 3272 Kaibel
1294 3205 1315 3273 l.
1340 3228 1369 3277 c.

194 3328 227 3394 p.
243 3327 307 3396 555
332 3307 488 3374 elocutus
512 3321 575 3389 est,
601 3331 666 3397 pro
690 3321 786 3377 certo
810 3321 966 3378 statuere
990 3310 1122 3379 malim:
1149 3311 1216 3396 ,Es
1241 3311 1294 3393 ist,
1319 3313 1369 3380 als

194 3414 240 3480 ob
265 3413 319 3481 die
339 3413 555 3502 jambischen
581 3415 875 3505 lnhaltsangaben
899 3441 942 3484 zu
959 3418 1226 3507 Aristophanes'
1245 3419 1370 3488 Komo-

195 3519 272 3588 dien
303 3522 376 3588 sich
409 3522 528 3591 diesen
561 3524 649 3591 oder
681 3524 839 3591 ahnliche
863 3524 1018 3613 Prologe
1048 3549 1125 3593 zum
1150 3525 1369 3595 stilistischen

195 3626 327 3695 Muster
356 3650 565 3717 genommen
594 3632 741 3698 hatten.“
792 3633 1013 3720 Argumenta
1048 3633 1190 3702 metrica
1215 3657 1305 3723 quae
1326 3636 1369 3701 ad

194 3733 380 3825 Sophoclis
405 3736 592 3827 Oedipoda
623 3737 759 3826 Regem
794 3752 828 3807 et
858 3738 1084 3808 Philoctetam
1118 3754 1263 3823 exstant,
1295 3763 1374 3810 mea

195 3842 334 3930 quidem
365 3845 535 3912 sententia
567 3847 727 3936 exemplo
757 3846 891 3914 illorum
917 3848 960 3914 ad
986 3848 1187 3917 comoedias
1211 3848 1370 3917 fictorum

196 3963 271 4017 orta
296 3963 385 4019 sunt.
432 3951 491 4019 llla
520 3966 634 4021 autem
666 3975 771 4043 supra
795 3955 903 4022 relata
927 3954 1097 4024 sententia
1121 3955 1263 4046 insuper
1286 3943 1372 4024 affir-

199 4068 411 4079 ———..—-

287 4110 307 4169 ¹l
327 4111 463 4168 Nonnulli
490 4115 604 4185 prologi
623 4115 748 4170 Plautini
774 4116 843 4171 nihil
871 4116 933 4171 sere
954 4117 1102 4173 continent
1120 4116 1176 4174 nisi
1195 4118 1311 4173 fabulae
1331 4137 1373 4174 ar·

195 4211 366 4272 gumentum
395 4204 487 4257 instar
511 4203 717 4275 hypothesium
741 4201 945 4274 metricarum;
975 4208 1104 4278 exempli
1131 4208 1227 4279 gratia
1255 4209 1372 4263 nomino

195 4291 365 4347 Aululariae
386 4292 570 4348 Cistellariae
590 4293 781 4365 Captivorum
801 4296 951 4367 prologos

1231 4425 1247 4477 4
