3038 5010
672 511 887 579 ,33..

195 701 248 753 est
276 687 307 753 in
334 688 399 754 hoc
425 699 633 770 argumento
658 685 772 752 minus
798 688 990 773 neglegens
1015 700 1119 775 atque
1143 686 1300 775 simpleX,
1332 687 1365 754 di

191 807 257 862 stat
282 796 324 861 ab
350 795 473 861 ceteris
499 793 721 880 argumentis.
773 794 821 860 At
845 793 969 861 dixerit
993 794 1161 883 quispiam
1187 807 1362 862 auctorem

192 915 298 968 artem
328 902 503 968 metricam
528 903 738 988 tragicorum
765 915 945 988 poetarum
971 924 1049 968 esse
1074 915 1241 983 secutum,
1270 902 1363 989 quod

192 1009 330 1075 materia
348 1009 481 1095 tragica
498 1008 649 1074 breviter
666 1009 696 1075 ei
713 1010 886 1075 narranda
903 1022 1005 1089 esset,
1031 1020 1065 1075 et
1087 1020 1248 1076 auctores
1265 1031 1364 1092 argu·

193 1129 384 1182 mentorum
410 1116 630 1182 metricorum
657 1138 796 1204 semper
828 1115 859 1182 in
893 1130 1003 1182 metro
1036 1116 1281 1203 componendo
1302 1138 1365 1184 eos

192 1235 331 1290 secutos
357 1246 444 1303 esse,
471 1223 513 1288 ad
541 1245 687 1311 quorum
714 1245 821 1311 opera
838 1236 1043 1309 argumenta
1062 1222 1244 1309 fingerent.
1291 1222 1362 1290 Sed

193 1331 306 1396 obstat
341 1342 583 1413 argumentum
623 1328 844 1401 Philoctetae.
900 1330 977 1396 Mea
1017 1329 1154 1416 quidem
1194 1333 1364 1397 sententia

193 1437 318 1504 dehac
343 1460 380 1503 re
405 1450 501 1503 certo
525 1437 665 1503 iudicari
684 1460 751 1503 non
771 1449 894 1525 potest,
921 1438 1014 1525 quod
1033 1451 1101 1503 tam
1127 1459 1238 1525 pauca
1263 1460 1364 1524 argu·

192 1531 304 1610 menta
329 1545 587 1627 tragoediarum
611 1557 750 1610 servata
775 1558 862 1611 sunt.

279 1653 360 1737 Age
386 1674 475 1717 nunc
491 1651 683 1730 videamus,
709 1653 801 1739 quod
829 1674 940 1738 genus
965 1651 1101 1718 dicendi
1124 1652 1157 1718 in
1183 1674 1363 1739 argumen-

192 1759 243 1839 tis,
270 1781 359 1846 quae
383 1771 519 1825 exstant
544 1760 586 1825 ad
613 1759 792 1826 Menandri
818 1759 937 1826 Heroa
962 1772 996 1827 et
1020 1760 1063 1826 ad
1079 1759 1264 1848 Sophoclis
1290 1760 1363 1827 Phi-

191 1867 361 1945 loctetam,
388 1879 591 1955 usurpatum
614 1867 667 1933 sit.
714 1867 885 1934 Plurimae
910 1867 1100 1934 sententiae
1125 1867 1363 1934 coniunctioni·

192 1976 255 2040 bus
273 1972 361 2039 inter
378 1996 417 2039 se
434 1996 502 2039 non
520 1986 601 2041 sunt
626 1997 790 2055 conexae,
817 1975 911 2062 quod
937 1998 1050 2061 genus
1075 1973 1209 2040 dicendi
1228 1974 1363 2043 Graece

191 2080 275 2162 λέξις
292 2084 424 2169 εἰρομένη
443 2080 654 2162 nominatur,
681 2080 844 2169 imprimis
870 2081 948 2175 vide
967 2093 1208 2168 argumentum
1227 2081 1363 2148 Menan·

192 2188 295 2253 dreae
327 2187 472 2258 fabulae.
521 2186 740 2274 Quamquam
774 2202 888 2255 autem
921 2188 952 2254 in
986 2188 1038 2254 his
1064 2210 1132 2254 non
1158 2199 1225 2254 tam
1252 2189 1361 2275 negle-

193 2307 315 2381 genter
350 2295 543 2382 presseque
580 2317 683 2382 quam
715 2298 746 2361 in
784 2296 997 2382 argumentis
1027 2296 1362 2384 Aristophanearum

191 2402 381 2468 fabularum
419 2425 475 2468 res
512 2416 703 2485 narrantur,
734 2416 848 2470 tamen
884 2405 967 2472 satis
1003 2404 1135 2471 exiliter
1164 2417 1244 2471 sunt
1273 2403 1363 2470 ficta.

191 2507 316 2576 Sermo
341 2520 394 2575 est
419 2509 572 2596 vulgaris
598 2522 791 2598 temporum
812 2511 1139 2578 Alexandrinorum.
1187 2510 1291 2596 Quod
1317 2511 1362 2577 di-

191 2615 289 2682 cendi
320 2639 433 2702 genus
465 2639 586 2683 omnes
619 2631 903 2700 argumentorum
939 2631 1100 2686 auctores
1125 2619 1179 2684 vel
1210 2619 1254 2684 ob
1286 2640 1359 2684 eam

193 2744 329 2789 causam
365 2723 513 2790 coluisse
543 2723 713 2805 videntur,
747 2736 783 2791 ut
808 2738 1012 2811 argumenta
1038 2725 1134 2812 quasi
1160 2725 1245 2790 tituti
1269 2725 1361 2791 fabu-

190 2830 298 2895 larum
319 2830 596 2918 praefationesve
614 2853 633 2897 a
651 2830 824 2919 discipulis
849 2831 977 2898 facilius
1003 2831 1248 2901 ediscerentur.
1298 2832 1361 2896 Ar-

191 2951 354 3023 gumenta
379 2937 564 3025 Sophoclis
588 2938 841 3026 Menandrique
872 2938 982 3005 eidem
1016 2939 1088 3004 fere
1117 2937 1217 3004 aetati
1243 2937 1362 3004 deberi

191 3056 293 3130 atque
318 3043 562 3132 Aristophanis
589 3045 672 3112 satis
697 3058 826 3112 certum
853 3049 949 3131 est¹).

566 3442 616 3543 ll.
673 3443 754 3544 De
794 3441 987 3578 origine.

279 3686 449 3771 Quoniam
487 3689 530 3753 de
562 3687 676 3754 indole
709 3702 812 3774 atque
844 3701 955 3754 aetate
979 3700 1262 3773 argumentorum
1297 3709 1362 3752 me·

191 3793 351 3860 tricorum
371 3794 446 3861 fuse
471 3795 734 3882 disputavimus,
756 3795 820 3861 iarn
844 3795 937 3882 quod
963 3807 1015 3860 est
1039 3793 1163 3859 summi
1188 3792 1361 3871 momenti,

192 3902 234 3968 de
266 3924 385 3968 eorum
419 3903 553 3988 origine
587 3905 823 3988 quaerendum
858 3916 919 3968 est.
968 3902 1022 3968 Ac
1047 3902 1193 3989 primum
1223 3899 1359 3987 quidem

192 4010 234 4074 de
248 4009 447 4075 auctoribus
462 4009 624 4075 nonnulla
641 4009 720 4075 mihi
738 4032 817 4076 esse
834 4008 1037 4075 disserenda
1054 4006 1222 4073 existimo
1270 4005 1361 4072 Octo

280 4171 299 4238 ¹)
321 4170 475 4224 Menandri
490 4181 695 4239 argumentum
709 4179 860 4225 servatum
881 4179 925 4224 est
945 4169 973 4223 in
987 4170 1095 4234 codice,
1116 4186 1204 4238 quem
1218 4167 1272 4221 viri
1286 4167 1363 4222 docti

190 4271 293 4332 quarto
320 4261 368 4313 vel
396 4261 496 4330 quinto
523 4262 641 4314 saeculo
667 4260 797 4314 tribuunt
821 4261 867 4323 (cf.
887 4260 948 4315 Pal.
972 4258 1038 4313 Soc.
1060 4259 1136 4315 Part.
1156 4257 1204 4319 Vl,
1227 4257 1269 4312 Pl.
1292 4263 1362 4327 127),

190 4368 261 4420 ergo
280 4349 359 4403 nullo
380 4350 468 4402 modo
489 4349 517 4402 in
536 4358 671 4419 tempora
691 4349 853 4420 Byzantina
873 4348 998 4417 relegari
1019 4356 1124 4418 potest.

1223 4470 1241 4522 3
