3038 5010
835 480 1025 543 ..8-

459 715 465 731 .
608 721 613 732 .
628 718 656 758 .··
683 663 745 754 ἐγὼ
768 660 797 732 d'
824 660 881 733 ἀπ’
908 657 1001 748 αὖτις
1023 663 1126 757 φύγον
1148 665 1231 736 ὥστε
1252 665 1372 752 κόκκυξ

498 754 530 841 [1
542 769 561 826 ;
573 770 593 827 ;
606 753 656 840 sl,
679 797 1056 835 ..............

473 989 557 1081 otta
580 988 641 1079 γὰρ
663 984 692 1059 εἶ
715 990 826 1072 ξένοις,
849 988 947 1058 ἔασον
970 989 1007 1058 de‘
1026 1016 1068 1077 με
1091 994 1242 1080 διψῶντα
1266 997 1356 1059 πιεῖν

530 1106 551 1129 υ
564 1122 578 1130 .
612 1105 632 1129 υ
815 1105 835 1128 υ
925 1104 975 1128 νυ

453 1186 505 1251 Ex
528 1187 606 1252 solis
630 1187 826 1252 choriambis
850 1187 980 1252 adiecta
999 1184 1129 1271 dipodia
1152 1187 1291 1251 iambica
1308 1187 1501 1253 catalectico

368 1292 400 1356 hi
423 1300 595 1377 praeterea
618 1311 731 1354 versus
756 1297 916 1355 constant:

366 1397 403 1460 fr.
428 1397 468 1460 28
482 1395 508 1479 ¹)

484 1510 632 1580 Ἀσπίδα
655 1511 759 1602 ῥίψας
781 1504 935 1599 ποταμοῦ
958 1510 1130 1602 καλλιρόοο
1155 1509 1237 1603 παρ’
1264 1509 1370 1598 ὄχθας

367 1711 404 1776 fr.
430 1712 467 1773 31
495 1706 594 1794 (trim.
618 1706 797 1772 choriamb.
821 1705 983 1792 catalect.)
995 1705 1023 1792 2)

627 1821 859 1914 Δακροόεοσάν
880 1827 912 1893 τ’
934 1822 1085 1915 ἐφίλησεν
1108 1822 1229 1912 αἰχμάν

652 1940 700 1963 Vb)
713 1956 729 1965 .
935 1956 949 1964 -
988 1935 993 1945 ⁸

366 2026 405 2088 l'r.
430 2025 470 2085 34
727 2009 806 2103 Εἷμι
829 2013 938 2102 λαβὼν
959 2016 993 2096 ἐς
1008 2013 1111 2104 Ἥρης

453 2195 491 2258 In
514 2194 553 2259 fr.
577 2195 617 2255 33
631 2192 658 2274 3)

486 2402 496 2489 Ι
583 2305 667 2485 ]oa'·d'
694 2306 828 2400 ἀργυρέη
845 2337 892 2378 κω
914 2306 980 2378 τότ’
1006 2308 1136 2398 ἔλαμπε
1158 2309 1270 2380 πειθώ

367 2527 473 2614 prima
494 2546 607 2590 versus
632 2522 759 2608 syllaba
783 2527 871 2585 certo
896 2520 937 2585 ad
960 2521 1102 2607 priorem
1124 2543 1237 2585 versus
1254 2527 1392 2607 partem,
1416 2543 1499 2606 quae

368 2637 498 2694 servata
521 2649 585 2692 non
609 2632 669 2707 est,
693 2626 863 2711 pertinuit;
886 2626 965 2689 item
988 2625 1027 2689 fr.
1052 2628 1092 2689 60

520 2744 589 2812 Καί
611 2740 642 2830 μ’
668 2741 833 2831 ἐπίβιονον
855 2739 939 2811 κατὰ
961 2741 1108 2918 (siccasse
1129 2740 1282 2834 ποιήσεις

549 2877 570 2902 υ
633 2893 639 2918 ,
748 2891 764 2899 -
829 2891 845 2899 -
859 2875 878 2898 υ
891 2889 919 2911 -,
944 2890 960 2898 -
976 2853 1026 2902 εἴ
1039 2867 1057 2897 ;

367 2965 440 3046 post
464 2956 624 3043 syllabam
647 2955 795 3018 ultimam
818 2954 871 3019 vel
894 2960 1094 3040 anapaestus
1118 2953 1241 3019 excidit
1268 2955 1320 3018 vol
1348 2954 1497 3019 creticus.

453 3130 506 3194 Ex
528 3129 635 3216 poetis
651 3126 885 3192 Alexandrinis
901 3148 1006 3212 pauca
1022 3126 1175 3212 exempla
1190 3127 1385 3212 proferenda
1408 3133 1498 3193 sunt:

454 3250 668 3315 usstiureins
691 3269 836 3327 carmen,
871 3248 932 3312 cui¹
955 3248 1069 3311 titulus
1099 3253 1169 3312 erat
1197 3241 1361 3333 Βράγχος,
1395 3253 1499 3313 totum

368 3355 580 3442 pentametris
604 3352 832 3416 choriambicis
857 3352 1056 3416 catalecticis
1080 3357 1231 3416 constare
1253 3353 1373 3428 voluit3
1406 3353 1499 3417 cuius

439 3547 459 3613 ¹)
478 3543 578 3607 Christ,
592 3541 637 3596 die
649 3540 838 3610 rhythmische
850 3539 1028 3596 Continuitiit
1039 3540 1088 3593 der
1100 3539 1292 3609 griechischen
1304 3540 1500 3613 Chorgesltnge

367 3631 516 3699 (Mitncben
536 3631 612 3698 1878)
631 3648 658 3699 p.
679 3630 711 3683 14
728 3628 878 3682 secundum
899 3647 916 3678 α
934 3627 964 3680 in
983 3622 1087 3679 staalda
1105 3627 1271 3695 productum
1291 3643 1348 3681 esse
1367 3628 1500 3698 opinatur

367 3720 513 3786 totumque
531 3732 640 3770 versum
657 3714 826 3785 logaoedicis
848 3714 980 3768 attribuit
1005 3714 1048 3767 his
1072 3713 1175 3767 verbis:
1202 3712 1268 3767 ‘wie
1290 3713 1348 3768 sich
1373 3713 1447 3769 deun
1469 3716 1499 3770 in

367 3803 415 3856 der
437 3803 511 3856 That
537 3802 660 3856 mehrere
686 3800 904 3855 choriambische
923 3800 1008 3853 Versa
1031 3816 1102 3869 ganz
1125 3799 1249 3853 deutlich
1272 3799 1314 3853 als
1336 3801 1500 3873 synlropirte

368 3889 532 3959 liogaoeden
550 3888 726 3957 hundgcben‚
745 3906 766 3941 z.
785 3887 815 3940 B.
834 3882 938 3939 ιῖσνιίδο
956 3887 1011 3939 κτλ.

656 3989 1204 4062 -υ-ῡΙ-υυι-Ι-υυ.υ1-.’.

367 4101 468 4155 Eodem
500 4099 581 4154 modo
616 4098 690 4152 idern
714 4096 896 4151 Anacreontis
926 4096 959 4151 fr.
981 4097 1016 4149 22
1043 4096 1220 4150 tractandum
1246 4113 1304 4151 esse
1337 4097 1499 4155 arbitratur.

366 4190 404 4241 ht
425 4186 479 4240 nisi
502 4185 564 4254 quis
591 4201 684 4239 omnes
709 4184 881 4238 choriambus
907 4183 1002 4253 generi
1031 4182 1192 4252 logaoedico
1219 4182 1413 4239 attribuendus
1440 4202 1499 4240 esse

366 4277 485 4338 censeat,
504 4272 639 4328 christine
660 4271 707 4324 vix
725 4270 851 4325 inveniet
869 4271 917 4338 qui
937 4269 990 4323 sibi
1009 4269 1205 4339 adstipuletur.

436 4364 456 4427 ²)
476 4359 620 4429 Westphal
639 4359 687 4412 ΙΙἏ
705 4376 731 4427 p.
751 4359 808 4412 765.

435 4451 456 4515 ⁸)
475 4446 621 4515 Westphal
641 4445 688 4498 11²
707 4464 735 4514 p.
754 4446 813 4499 765,
