3038 5010
662 431 753 516 11871
1236 446 1278 508 40

142 633 221 710 θρον
244 648 309 712 sqq.
349 624 417 690 Nos
440 621 571 707 ὄλεθρον
593 626 625 688 in
646 625 735 689 initio
760 647 873 692 versus
894 628 1087 694 collocantes
1110 630 1169 697 hos
1183 633 1280 699 doeh·

142 733 225 796 mios
247 730 457 795 restituimus:

402 831 534 914 ὄλεθρον
556 833 711 922 α’πέφυγες
733 833 860 919 ᾰξνόσιον
882 838 914 911 ἐξ
937 839 1015 917 ἐμᾶν

578 943 721 1022 ὃαὶχθείς
740 941 847 1023 χερῶν.

665 1129 683 1212 a
708 1133 758 1195 14.

248 1251 407 1326 Quoniam
429 1251 517 1314 looos
539 1251 813 1334 pertractavimus,
836 1252 868 1315 in
891 1252 1005 1345 quibus
1030 1262 1085 1317 aut
1105 1257 1203 1322 leotio
1219 1264 1281 1323 tra·

144 1357 212 1421 dita
234 1354 391 1420 servanda
407 1360 475 1419 erat
491 1360 548 1420 aut
563 1354 641 1417 nihil
657 1354 852 1431 mutandum,
876 1357 936 1420 nisi
953 1357 1038 1441 quod
1055 1365 1129 1423 ante
1152 1380 1210 1424 nos
1230 1362 1283 1425 alii

143 1462 237 1526 metri
252 1481 345 1538 causa
362 1463 577 1541 mutaverunt,
593 1479 677 1522 nuno
690 1480 744 1523 eos
759 1460 1023 1543 perlustrabimus
1046 1462 1144 1544 looos,
1168 1465 1282 1548 quibus

143 1565 229 1630 laoili
243 1564 489 1648 transpositione
506 1583 637 1627 oaosura
648 1569 722 1646 post
737 1564 862 1628 tertiam
880 1564 1008 1629 brevem
1023 1573 1130 1650 potest
1147 1568 1280 1634 restitui.

143 1669 227 1735 Sunt
249 1688 324 1733 vero
347 1668 394 1732 hi:
418 1666 516 1753 Soph.
540 1667 590 1731 nl.
616 1669 708 1748 1266,
731 1667 807 1732 Eur.
832 1667 928 1733 Hero.
952 1672 1023 1752 745,
1049 1673 1142 1753 1023,
1160 1671 1281 1737 Phoen.

144 1775 219 1854 299,
242 1770 359 1836 Baooh.
385 1773 477 1835 1007.

252 1874 285 1957 1)
309 1874 407 1961 Soph.
431 1874 482 1939 El.
511 1876 593 1941 1266
616 1874 732 1959 legitur
764 1895 834 1938 oum
863 1874 1030 1940 Dindorfio
1060 1877 1092 1940 in
1122 1878 1282 1964 plerisque

144 1979 337 2044 editionibus

320 2090 374 2159 τᾶς
397 2081 489 2164 πάρος
511 2080 555 2146 ἔτι
574 2079 699 2168 χάριτος
718 2083 722 2162 l
743 2080 773 2145 si
792 2107 826 2146 os
849 2079 923 2158 usta
945 2080 1092 2166 ἐπόρισεν,

144 2207 217 2251 oum
239 2188 342 2271 prima
364 2207 477 2250 manus
507 2186 669 2272 scripserit
699 2183 835 2267 s’ubposv,
866 2184 949 2269 quod
978 2187 1019 2251 ab
1042 2186 1155 2253 eadem
1178 2190 1282 2256 aliave

87 2339 92 2342 -
143 2313 241 2355 manu
264 2296 439 2355 oorrootum
463 2289 567 2359 estin
590 2291 735 2370 ἐπῶρσεν.

250 2394 353 2468 Quem
376 2394 555 2459 dochmium
583 2394 750 2478 quominus
779 2399 956 2457 statuamus
987 2401 1020 2459 et
1050 2417 1182 2461 oaesura
1209 2405 1283 2483 post

142 2499 269 2562 tertiam
285 2498 438 2582 syllabam
453 2499 588 2563 inuisum
603 2497 700 2562 fuisse
718 2503 750 2562 61
765 2498 797 2560 in
813 2497 968 2582 syllabam
984 2499 1152 2585 ancipitem
1166 2501 1280 2568 exiisse

144 2602 199 2684 ita,
222 2607 258 2665 ut
279 2599 355 2679 θεὸς
376 2622 436 2685 per
458 2601 612 2686 syniaesin
643 2611 796 2686 tanquam
826 2622 891 2664 una
919 2603 1042 2686 syllaba
1073 2604 1179 2669 brevis
1209 2627 1282 2689 pro·

145 2707 355 2783 nuntiaretur,
385 2704 518 2791 impedit
547 2726 659 2769 versus
687 2705 849 2789 strophae,
879 2728 910 2771 v.
942 2708 1035 2784 1246,
1065 2707 1153 2772 ouius
1182 2709 1281 2775 thesis

148 2817 293 2875 extrema
315 2810 348 2872 in
371 2809 451 2874 duas
473 2809 587 2874 breves
611 2815 660 2873 est
681 2810 795 2873 soluta.

249 2912 379 2978 Oonioio
402 2912 488 2978 facili
510 2913 759 2998 transpositione
781 2914 976 2998 pronominis
999 2938 1033 2978 σε
1054 2915 1101 2979 ita
1121 2937 1192 2981 esse
1207 2917 1281 2981 sori·

145 3017 301 3082 bendum:

528 3120 554 3184 si
576 3115 652 3196 θεὸς
675 3118 813 3200 ἐπόρισεν
835 3120 886 3183 o’.¹

250 3330 285 3408 2)
308 3325 460 3392 Pluribus
482 3325 643 3411 agendum
668 3331 716 3390 ost
737 3325 778 3391 de
800 3326 939 3392 seeundo
963 3328 1036 3394 looo
1059 3328 1198 3412 graviter
1213 3349 1281 3393 oor·

146 3438 250 3519 rupto,
272 3431 349 3496 Eur.
372 3430 470 3495 Hero.
496 3434 567 3511 745,
591 3430 644 3514 qui
668 3451 737 3494 oum
762 3431 803 3495 sit
825 3431 979 3496 traditus:

353 3531 442 3599 πάλιν
463 3531 579 3615 ἔμολεν,
602 3530 622 3596 di
645 3531 742 3616 πάρος
765 3531 892 3615 (οὔποτε
915 3531 962 3598 tat
984 3533 1093 3620 φρενός

352 3634 480 3720 η”λπισεν
501 3642 614 3702 παθεῖν
635 3642 691 3718 γᾶς
712 3634 814 3719 ἅναξ),

148 3742 232 3808 laeili
254 3741 350 3808 modo
372 3743 475 3828 possit
497 3741 603 3807 sanari
632 3741 686 3819 ita,
715 3747 750 3805 ut
782 3762 852 3806 oum
877 3742 971 3806 Fixio
1003 3740 1042 3805 ἂν
1069 3749 1144 3828 post
1173 3742 1281 3828 φρενὸς

148 3848 306 3912 inseratur
329 3852 362 3910 et
383 3846 482 3911 verba
503 3844 594 3928 ἔμολε
617 3851 650 3912 61
672 3844 761 3909 πάλιν
783 3851 1040 3930 transponantur.

253 3949 381 4015 Atiam
405 3950 525 4034 Pflugk
552 3955 641 4018 reote
670 3949 850 4014 observavit
871 3950 1125 4034 interpretationi
1147 3951 1280 4036 vulgari,

149 4074 246 4140 quam
262 4053 361 4118 verba
381 4053 498 4118 tradita
521 4051 621 4116 solam
644 4051 831 4116 admittunt:
857 4051 1044 4132 „Venerunt
1059 4075 1178 4134 rursus,
1201 4073 1282 4136 quae

253 4208 367 4262 ¹Simili
385 4207 465 4260 modo
485 4208 567 4261 etiam
587 4207 733 4275 Bergkium
759 4208 918 4260 emendasse
938 4207 1091 4260 Goldmanu
1118 4206 1151 4258 de
1173 4207 1280 4260 doohm.

149 4313 201 4348 usu
214 4295 343 4362 Sophool.
356 4311 380 4361 p.
395 4293 429 4348 29
443 4293 532 4356 doost,
550 4293 599 4347 sod
612 4294 660 4358 ita,
673 4299 703 4347 ut
715 4294 859 4362 tripodiam
873 4294 1016 4346 iambicam
1029 4293 1186 4345 restitueret
1198 4295 1281 4347 hano:

579 4385 600 4434 εἶ
618 4381 677 4441 θεός
695 4383 792 4451 ἐπῶρσε
810 4402 843 4432 σε.

1160 4467 1178 4517 4
