3038 5010
235 441 276 502 40
755 431 847 514 [178]

234 626 379 712 ἁρμάτων
401 628 635 690 coniunxerunt
644 647 652 705 3
683 624 737 687 ubi
764 623 867 687 solum
897 629 1083 708 posuerunt,
1112 623 1370 706 significaverunt

235 756 307 800 oum
332 733 419 818 equis
442 729 580 810 raedam,
605 749 686 814 quac
708 728 746 792 iis
769 731 818 791 est
839 717 955 790 iuncta.

338 836 502 902 Sententia
526 836 623 920 igitur
646 833 717 910 loci,
741 832 780 895 de
803 852 864 915 quo
889 831 1004 916 agitur,
1028 832 1054 896 si
1072 831 1147 917 quid
1164 830 1266 907 video,
1289 832 1371 896 haec

227 947 297 1006 ost:
323 941 370 1020 „0
394 940 437 1003 fili
461 938 586 1022 Oedipi,
610 939 706 1002 timeo
730 935 840 1000 audito
864 935 1034 999 raedarum
1052 936 1184 1021 strepitu
1202 957 1371 1020 equorum·

236 1067 296 1131 que
318 1043 475 1122 fremitu“,
500 1064 570 1106 oum
593 1062 656 1126 qua
679 1041 821 1126 apprime
845 1060 956 1104 versus
978 1045 1151 1125 sequentes
1173 1045 1371 1124 congruunt:

484 1144 535 1211 dra
558 1172 591 1210 τε
614 1144 749 1228 σύριγγες
772 1141 917 1226 ἔκλαγξαν
939 1142 1097 1226 ἑλίτροχοι,

484 1249 613 1313 ἱππικῶν
636 1247 662 1313 τ’
685 1245 782 1312 όπυον
804 1247 961 1330 πηδαλίων
982 1247 1030 1310 δία

483 1352 593 1434 στόμια
615 1358 839 1436 πυριβρεμετοῖν
860 1354 1003 1435 χαλινῶν,

237 1481 372 1545 quorum
394 1458 495 1543 primo
519 1458 701 1542 depingitur
729 1456 898 1520 raedarum
927 1456 1079 1540 crepitus,
1109 1456 1234 1522 duobus
1262 1465 1369 1543 poste·

234 1564 370 1629 rioribus
393 1562 536 1628 fremitus
560 1582 726 1646 equorum.

338 1668 434 1732 Addo
466 1666 679 1730 commendari
711 1665 922 1730 coniecturam
955 1687 1058 1730 meam
1093 1686 1149 1746 eo,
1175 1665 1268 1750 quod
1302 1666 1369 1732 fere

234 1774 323 1837 nulla
348 1772 522 1835 mutatione
547 1770 688 1834 adhibita
710 1771 806 1854 plena
835 1770 1055 1853 antistrophae
1086 1771 1250 1855 responsio
1279 1769 1371 1835 resti·

235 1878 344 1958 tuitru,
368 1896 451 1961 quae
475 1896 546 1938 cum
569 1895 665 1938 versu
688 1874 848 1958 strophae,
871 1874 953 1938 siout
975 1895 994 1936 a
1015 1874 1176 1958 plerisque
1194 1874 1370 1939 editoribus

234 1982 389 2061 scribitur,
413 1981 471 2043 nisi
494 1979 694 2063 gravioribus
717 1978 945 2044 mutationibus
963 1978 1044 2042 effici
1058 2001 1124 2044 non
1138 1983 1254 2063 potest.
1286 1977 1370 2042 Nam

235 2107 307 2150 cum
329 2091 393 2149 tres
416 2084 508 2168 primi
530 2105 639 2148 versus
663 2083 879 2168 antistrophae
902 2083 969 2147 fere
992 2083 1036 2146 sic
1059 2082 1167 2146 traditi
1188 2082 1265 2146 sint:

440 2202 506 2267 ἀλλ’
528 2207 577 2268 ἐπὶ
599 2203 752 2284 δαιμόνιον
775 2201 949 2286 πρόδρομος
971 2199 1072 2287 ἦλθον

440 2307 552 2391 α’ρχοιῖα
574 2305 668 2390 βρέτη
691 2309 812 2384 πίσυνος
835 2313 921 2384 θεοῖς

439 2409 562 2496 νιφάδος
585 2408 630 2475 ‘dr’
654 2408 741 2488 ὀλοοῖς

592 2524 607 2550 a

440 2562 629 2652 νειφομένης
641 2565 755 2650 βρόμος
778 2569 811 2630 ἐν
833 2565 950 2645 πύλαις,
997 2645 998 2654 ¹

236 2690 276 2755 ad
291 2691 533 2775 responsionem
548 2687 777 2754 restituendam
795 2690 931 2756 editores
948 2711 1011 2755 non
1024 2692 1128 2756 solum
1140 2693 1239 2756 verba
1251 2693 1372 2768 πίσυνος

235 2802 267 2861 et
288 2802 375 2872 θεοῖς
397 2799 672 2880 transposuerunt,
696 2814 758 2877 qua
780 2796 1026 2880 transpositione
1050 2796 1135 2860 omni
1162 2795 1257 2861 modo
1290 2817 1371 2880 opus

235 2906 292 2981 est,
321 2900 376 2965 sed
399 2906 566 2986 praeterea
583 2899 687 2964 ¹uerba
709 2896 836 2984 νιφιίδος
859 2907 890 2963 et
913 2898 974 2977 ὅτι,
1005 2906 1036 2965 et
1065 2902 1266 2967 inseruerunt
1296 2906 1370 2965 ante

218 3045 220 3048 ⁴
234 3003 325 3082 ὀλοᾶς
347 3004 617 3091 praepositionem
639 3001 711 3084 or'nd,
734 3024 815 3088 quae
831 3004 936 3089 aptius
953 3003 1053 3088 deest,
1069 3012 1104 3070 ut
1120 3008 1165 3071 ita
1180 3007 1371 3071 scriberent:

431 3115 496 3180 ἀλλ’
519 3118 569 3180 ἐπὶ
592 3112 765 3198 δαιμόνιον]
786 3113 955 3199 πρόδρομος
977 3113 1079 3200 ἦλθον
1101 3116 1156 3200 οἷρ-

426 3227 502 3304 χαῖα
525 3218 630 3304 βρέτη,
654 3226 739 3297 θεοῖς
760 3219 765 3303 l
783 3222 916 3299 πίσυνος,
939 3217 990 3285 ὅτε
1012 3219 1140 3306 νιφοίδος

432 3322 483 3387 ἀπ’
507 3322 595 3401 ὀλοᾶς
617 3321 789 3409 νιφομέλνοις
811 3323 922 3407 βρόμος
945 3328 977 3390 ἐν
1000 3325 1115 3403 πόλαις.

236 3437 373 3502 Versum
389 3458 465 3502 vero
481 3438 643 3523 strophae,
661 3439 787 3523 qualem
803 3460 862 3503 nos
879 3438 1125 3519 emendavimus,
1141 3439 1370 3524 antistrophico

234 3565 345 3630 parem
366 3542 520 3607 efficimus
535 3548 662 3628 praeter
677 3542 764 3606 illam
779 3544 991 3607 necessariam
1006 3544 1286 3628 transpositionem
1302 3545 1371 3608 sola

236 3647 357 3711 formae
380 3652 465 3723 θεοῖς
488 3647 520 3709 in
544 3652 642 3710 θεοῖσι
665 3647 840 3710 mutatione
864 3646 1015 3728 adhibita,
1039 3669 1133 3732 quam
1152 3647 1287 3712 formam
1308 3649 1371 3713 ianr

236 3749 358 3816 Seidler
382 3749 421 3815 de
445 3772 524 3815 vers.
548 3749 672 3814 dochm.
696 3772 726 3835 p.
750 3753 791 3814 56
814 3753 990 3834 proposuit,
1015 3757 1050 3815 ut
1072 3752 1261 3817 scribamus:

425 3852 490 3917 αλλ’
513 3856 562 3917 ἐπὶ
585 3852 739 3932 δαιμόνιον
757 3858 761 3932 λ
782 3852 954 3937 πρόδρομος
976 3850 1076 3938 ἦλθον
1099 3854 1154 3938 ἀρ-

329 3946 334 3954 ’
421 3964 496 4041 χαῖα
518 3956 612 4043 βρέτη
634 3955 739 4044 &sodor
761 3958 884 4036 πίσυνος
907 3957 1031 4044 νιφάδος

424 4061 469 4127 ὅτ’
491 4060 581 4140 ὀλοοῖς
603 4062 772 4150 νιφομίλνας
794 4063 907 4148 βρόμος
930 4067 963 4128 ἐν
984 4063 1100 4141 πόλαις.

337 4271 372 4353 2)
397 4270 565 4337 Secundus
589 4295 710 4355 versus,
734 4274 765 4337 in
791 4295 853 4360 quo
878 4273 1071 4340 recentiores
1095 4272 1235 4343 editores
1259 4280 1369 4340 contra

234 4375 333 4445 libros
355 4377 487 4442 verbum
510 4377 764 4464 geminaverant,
787 4377 838 4444 hic
861 4382 923 4441 est:
