<?xml version="1.0" encoding="UTF-8"?>
<!DOCTYPE html PUBLIC "-//W3C//DTD XHTML 1.0 Transitional//EN"
    "http://www.w3.org/TR/xhtml1/DTD/xhtml1-transitional.dtd">
<html xmlns="http://www.w3.org/1999/xhtml" xml:lang="en" lang="en">
 <head>
  <title>
</title>
<meta http-equiv="Content-Type" content="text/html;charset=utf-8" />
  <meta name='ocr-system' content='tesseract 3.04.00' />
  <meta name='ocr-capabilities' content='ocr_page ocr_carea ocr_par ocr_line ocrx_word'/>
</head>
<body>
  <div class='ocr_page' id='page_1' title='image "./deversumdochmia00pickgoog_0083.png"; bbox 0 0 3038 5010; ppageno 0'>
   <div class='ocr_carea' id='block_1_1' title="bbox 771 313 984 378">
    <p class='ocr_par' dir='ltr' id='par_1_1' title="bbox 771 313 984 378">
     <span class='ocr_line' id='line_1_1' title="bbox 771 313 984 378; baseline 0.005 -18"><span class='ocrx_word' id='word_1_1' title='bbox 771 313 984 378; x_wconf 68' lang='grc'><em>,18-</em></span> 
     </span>
    </p>
   </div>
   <div class='ocr_carea' id='block_1_2' title="bbox 312 494 1446 2580">
    <p class='ocr_par' dir='ltr' id='par_1_2' title="bbox 315 494 780 591">
     <span class='ocr_line' id='line_1_2' title="bbox 315 494 780 591; baseline 0.011 -25"><span class='ocrx_word' id='word_1_2' title='bbox 315 494 512 589; x_wconf 85' lang='grc' dir='ltr'><em>άκροκόμοις</em></span> <span class='ocrx_word' id='word_1_3' title='bbox 535 495 623 591; x_wconf 78' lang='grc' dir='ltr'><em>ἀμφὶ</em></span> <span class='ocrx_word' id='word_1_4' title='bbox 646 498 780 584; x_wconf 77' lang='grc' dir='ltr'><em>κλάδοις</em></span> 
     </span>
    </p>

    <p class='ocr_par' dir='ltr' id='par_1_3' title="bbox 313 601 813 695">
     <span class='ocr_line' id='line_1_3' title="bbox 313 601 813 695; baseline 0.012 -26"><span class='ocrx_word' id='word_1_5' title='bbox 313 601 450 690; x_wconf 71' lang='grc' dir='ltr'><em>ἑζομένα</em></span> <span class='ocrx_word' id='word_1_6' title='bbox 471 602 697 695; x_wconf 88' lang='grc' dir='ltr'><em>μονομάτορος</em></span> <span class='ocrx_word' id='word_1_7' title='bbox 720 607 813 693; x_wconf 79' lang='grc' dir='ltr'><em>ἐμοῖς</em></span> 
     </span>
    </p>

    <p class='ocr_par' dir='ltr' id='par_1_4' title="bbox 314 702 600 798">
     <span class='ocr_line' id='line_1_4' title="bbox 314 702 600 798; baseline 0.014 -25"><span class='ocrx_word' id='word_1_8' title='bbox 314 702 406 790; x_wconf 81' lang='grc' dir='ltr'><em>άχεσι</em></span> <span class='ocrx_word' id='word_1_9' title='bbox 430 706 600 798; x_wconf 74' lang='grc' dir='ltr'><em>συνῳδόςς]</em></span> 
     </span>
    </p>

    <p class='ocr_par' dir='ltr' id='par_1_5' title="bbox 314 805 1055 903">
     <span class='ocr_line' id='line_1_5' title="bbox 314 805 1055 903; baseline 0.007 -27"><span class='ocrx_word' id='word_1_10' title='bbox 314 807 438 878; x_wconf 87' lang='grc' dir='ltr'><em>αἰλινον</em></span> <span class='ocrx_word' id='word_1_11' title='bbox 461 811 640 900; x_wconf 79' lang='grc' dir='ltr'><em>αἰάγμασιν</em></span> <span class='ocrx_word' id='word_1_12' title='bbox 663 805 686 880; x_wconf 74' lang='grc' dir='ltr'><em>ἃ</em></span> <span class='ocrx_word' id='word_1_13' title='bbox 706 816 818 881; x_wconf 89' lang='grc' dir='ltr'><em>τοῖσδε</em></span> <span class='ocrx_word' id='word_1_14' title='bbox 840 812 985 903; x_wconf 83' lang='grc' dir='ltr'><em>προκλαί</em></span> <span class='ocrx_word' id='word_1_15' title='bbox 1004 816 1009 901; x_wconf 68' lang='grc' dir='ltr'><em>λ</em></span> <span class='ocrx_word' id='word_1_16' title='bbox 1029 841 1055 880; x_wconf 89' lang='grc' dir='ltr'>ω</span> 
     </span>
    </p>

    <p class='ocr_par' dir='ltr' id='par_1_6' title="bbox 312 911 1445 1111">
     <span class='ocr_line' id='line_1_6' title="bbox 312 911 1445 1004; baseline 0.009 -22"><span class='ocrx_word' id='word_1_17' title='bbox 312 911 429 1001; x_wconf 76' lang='grc' dir='ltr'><em>μονάδ’</em></span> <span class='ocrx_word' id='word_1_18' title='bbox 456 915 560 984; x_wconf 82' lang='grc' dir='ltr'><em>αἰῶνα</em></span> <span class='ocrx_word' id='word_1_19' title='bbox 583 915 744 1000; x_wconf 78' lang='grc' dir='ltr'><em>διάξουσα</em></span> <span class='ocrx_word' id='word_1_20' title='bbox 766 915 822 986; x_wconf 84' lang='grc' dir='ltr'><em>τὸν</em></span> <span class='ocrx_word' id='word_1_21' title='bbox 844 914 866 986; x_wconf 81' lang='grc' dir='ltr'><em>ά</em></span> <span class='ocrx_word' id='word_1_22' title='bbox 886 925 890 1004; x_wconf 91' lang='grc' dir='ltr'>Ι</span> <span class='ocrx_word' id='word_1_23' title='bbox 911 919 940 986; x_wconf 83' lang='grc' dir='ltr'><em>εἰ</em></span> <span class='ocrx_word' id='word_1_24' title='bbox 1382 953 1445 992; x_wconf 74' lang='lat' dir='ltr'>reno</span> 
     </span>
     <span class='ocr_line' id='line_1_7' title="bbox 312 1016 925 1111; baseline 0.007 -26"><span class='ocrx_word' id='word_1_25' title='bbox 312 1016 425 1106; x_wconf 89' lang='grc' dir='ltr'><em>χρόνον</em></span> <span class='ocrx_word' id='word_1_26' title='bbox 447 1020 480 1087; x_wconf 87' lang='grc' dir='ltr'><em>έν</em></span> <span class='ocrx_word' id='word_1_27' title='bbox 502 1022 739 1109; x_wconf 80' lang='grc' dir='ltr'><em>λειβομένοισιν</em></span> <span class='ocrx_word' id='word_1_28' title='bbox 761 1020 925 1111; x_wconf 91' lang='grc' dir='ltr'><em>δάκρυσιν.</em></span> 
     </span>
    </p>

    <p class='ocr_par' dir='ltr' id='par_1_7' title="bbox 313 1117 1445 1317">
     <span class='ocr_line' id='line_1_8' title="bbox 316 1117 1445 1214; baseline 0.007 -26"><span class='ocrx_word' id='word_1_29' title='bbox 316 1117 385 1210; x_wconf 69' lang='grc' dir='ltr'><em>[τίν’</em></span> <span class='ocrx_word' id='word_1_30' title='bbox 405 1123 463 1190; x_wconf 79' lang='grc' dir='ltr'><em>ἐπὶ</em></span> <span class='ocrx_word' id='word_1_31' title='bbox 486 1128 618 1213; x_wconf 84' lang='grc' dir='ltr'><em>πρῶτον</em></span> <span class='ocrx_word' id='word_1_32' title='bbox 641 1120 710 1194; x_wconf 84' lang='grc' dir='ltr'><em>άπὸ</em></span> <span class='ocrx_word' id='word_1_33' title='bbox 728 1124 846 1210; x_wconf 82' lang='grc' dir='ltr'><em>χαίτας</em></span> <span class='ocrx_word' id='word_1_34' title='bbox 861 1129 1072 1214; x_wconf 75' lang='grc' dir='ltr'><em>σπαραγμοῖς</em></span> <span class='ocrx_word' id='word_1_35' title='bbox 1087 1119 1239 1213; x_wconf 77' lang='grc' dir='ltr'><em>ἀπαρχὰς</em></span> <span class='ocrx_word' id='word_1_36' title='bbox 1254 1120 1354 1211; x_wconf 84' lang='grc' dir='ltr'><em>βάλω,</em></span> <span class='ocrx_word' id='word_1_37' title='bbox 1385 1159 1445 1198; x_wconf 69' lang='grc' dir='ltr'><em>που</em></span> 
     </span>
     <span class='ocr_line' id='line_1_9' title="bbox 313 1223 1204 1317; baseline 0.002 -25"><span class='ocrx_word' id='word_1_38' title='bbox 313 1223 437 1313; x_wconf 86' lang='grc' dir='ltr'><em>ματρὸς</em></span> <span class='ocrx_word' id='word_1_39' title='bbox 459 1227 541 1313; x_wconf 81' lang='grc' dir='ltr'><em>ἒμοῖς</em></span> <span class='ocrx_word' id='word_1_40' title='bbox 564 1226 732 1316; x_wconf 80' lang='grc' dir='ltr'><em>διδύμοισι</em></span> <span class='ocrx_word' id='word_1_41' title='bbox 755 1227 916 1317; x_wconf 86' lang='grc' dir='ltr'><em>γάλακτος</em></span> <span class='ocrx_word' id='word_1_42' title='bbox 938 1226 1031 1316; x_wconf 82' lang='grc' dir='ltr'><em>παρὰ</em></span> <span class='ocrx_word' id='word_1_43' title='bbox 1054 1232 1204 1313; x_wconf 75' lang='grc' dir='ltr'><em>γευστοῖς,</em></span> 
     </span>
    </p>

    <p class='ocr_par' dir='ltr' id='par_1_8' title="bbox 313 1327 617 1422">
     <span class='ocr_line' id='line_1_10' title="bbox 313 1327 617 1422; baseline 0.007 -25"><span class='ocrx_word' id='word_1_44' title='bbox 313 1327 335 1419; x_wconf 76' lang='grc' dir='ltr'>ἢ</span> <span class='ocrx_word' id='word_1_45' title='bbox 357 1329 443 1419; x_wconf 86' lang='grc' dir='ltr'><em>πρὸς</em></span> <span class='ocrx_word' id='word_1_46' title='bbox 465 1327 617 1422; x_wconf 76' lang='grc' dir='ltr'><em>ἀδελφοῖν</em></span> 
     </span>
    </p>

    <p class='ocr_par' dir='ltr' id='par_1_9' title="bbox 314 1428 828 1522">
     <span class='ocr_line' id='line_1_11' title="bbox 314 1428 828 1522; baseline 0.006 -23"><span class='ocrx_word' id='word_1_47' title='bbox 314 1428 457 1520; x_wconf 66' lang='grc' dir='ltr'><em>οὐλόμεν’</em></span> <span class='ocrx_word' id='word_1_48' title='bbox 484 1433 667 1522; x_wconf 78' lang='grc' dir='ltr'><em>αἰκίσματα</em></span> <span class='ocrx_word' id='word_1_49' title='bbox 691 1438 828 1518; x_wconf 83' lang='grc' dir='ltr'><em>δισσῶν,·</em></span> 
     </span>
    </p>

    <p class='ocr_par' dir='ltr' id='par_1_10' title="bbox 313 1533 569 1623">
     <span class='ocr_line' id='line_1_12' title="bbox 313 1533 569 1623; baseline 0.012 -18"><span class='ocrx_word' id='word_1_50' title='bbox 313 1533 426 1606; x_wconf 80' lang='grc' dir='ltr'><em>ὀτοτοῖ</em></span> <span class='ocrx_word' id='word_1_51' title='bbox 448 1534 569 1623; x_wconf 83' lang='grc' dir='ltr'><em>ὀτοτοῖ,</em></span> 
     </span>
    </p>

    <p class='ocr_par' dir='ltr' id='par_1_11' title="bbox 312 1640 659 1730">
     <span class='ocr_line' id='line_1_13' title="bbox 312 1640 659 1730; baseline 0.012 -22"><span class='ocrx_word' id='word_1_52' title='bbox 312 1644 407 1709; x_wconf 87' lang='grc' dir='ltr'><em>λεῖπε</em></span> <span class='ocrx_word' id='word_1_53' title='bbox 429 1640 507 1724; x_wconf 81' lang='grc' dir='ltr'><em>σούς</em></span> <span class='ocrx_word' id='word_1_54' title='bbox 529 1640 659 1730; x_wconf 84' lang='grc' dir='ltr'><em>δόμους,</em></span> 
     </span>
    </p>

    <p class='ocr_par' dir='ltr' id='par_1_12' title="bbox 314 1742 667 1838">
     <span class='ocr_line' id='line_1_14' title="bbox 314 1742 667 1838; baseline 0.006 -25"><span class='ocrx_word' id='word_1_55' title='bbox 314 1742 415 1815; x_wconf 84' lang='grc' dir='ltr'><em>άλαὸν</em></span> <span class='ocrx_word' id='word_1_56' title='bbox 438 1742 529 1834; x_wconf 80' lang='grc' dir='ltr'><em>ἰίμμα</em></span> <span class='ocrx_word' id='word_1_57' title='bbox 552 1748 667 1838; x_wconf 81' lang='grc' dir='ltr'><em>φέρων,</em></span> 
     </span>
    </p>

    <p class='ocr_par' dir='ltr' id='par_1_13' title="bbox 315 1847 699 1941">
     <span class='ocr_line' id='line_1_15' title="bbox 315 1847 699 1941; baseline 0 -23"><span class='ocrx_word' id='word_1_58' title='bbox 315 1847 420 1940; x_wconf 81' lang='grc' dir='ltr'><em>πάτερ</em></span> <span class='ocrx_word' id='word_1_59' title='bbox 443 1853 559 1941; x_wconf 84' lang='grc' dir='ltr'><em>γεραιέ,</em></span> <span class='ocrx_word' id='word_1_60' title='bbox 584 1853 699 1934; x_wconf 83' lang='grc' dir='ltr'><em>δεῖξον,</em></span> 
     </span>
    </p>

    <p class='ocr_par' dir='ltr' id='par_1_14' title="bbox 313 1946 1159 2042">
     <span class='ocr_line' id='line_1_16' title="bbox 313 1946 1159 2042; baseline -0.004 -18"><span class='ocrx_word' id='word_1_61' title='bbox 313 1952 491 2039; x_wconf 87' lang='grc' dir='ltr'><em>Οἰδιπόδα,</em></span> <span class='ocrx_word' id='word_1_62' title='bbox 516 1953 574 2024; x_wconf 85' lang='grc' dir='ltr'><em>σὸν</em></span> <span class='ocrx_word' id='word_1_63' title='bbox 597 1954 702 2023; x_wconf 83' lang='grc' dir='ltr'><em>αἰῶνα</em></span> <span class='ocrx_word' id='word_1_64' title='bbox 724 1955 846 2042; x_wconf 84' lang='grc' dir='ltr'><em>μέλεον,</em></span> <span class='ocrx_word' id='word_1_65' title='bbox 872 1946 908 2035; x_wconf 74' lang='grc' dir='ltr'><em>ὃς</em></span> <span class='ocrx_word' id='word_1_66' title='bbox 929 1954 986 2021; x_wconf 73' lang='grc' dir='ltr'><em>ἐπὶ</em></span> <span class='ocrx_word' id='word_1_67' title='bbox 1011 1949 1159 2040; x_wconf 82' lang='grc' dir='ltr'><em>δοῖμασιν</em></span> 
     </span>
    </p>

    <p class='ocr_par' dir='ltr' id='par_1_15' title="bbox 313 2054 1446 2251">
     <span class='ocr_line' id='line_1_17' title="bbox 314 2054 1446 2147; baseline -0.003 -22"><span class='ocrx_word' id='word_1_68' title='bbox 314 2054 422 2147; x_wconf 83' lang='grc' dir='ltr'><em>άέριον</em></span> <span class='ocrx_word' id='word_1_69' title='bbox 437 2056 554 2127; x_wconf 84' lang='grc' dir='ltr'><em>σκότον</em></span> <span class='ocrx_word' id='word_1_70' title='bbox 571 2055 698 2145; x_wconf 78' lang='grc' dir='ltr'><em>άμμασι</em></span> <span class='ocrx_word' id='word_1_71' title='bbox 714 2063 804 2126; x_wconf 95' lang='grc' dir='ltr'><em>σοῖσι</em></span> <span class='ocrx_word' id='word_1_72' title='bbox 820 2055 929 2146; x_wconf 77' lang='grc' dir='ltr'><em>βαλὼν</em></span> <span class='ocrx_word' id='word_1_73' title='bbox 940 2057 1044 2138; x_wconf 74' lang='grc' dir='ltr'><em>έλκεις</em></span> <span class='ocrx_word' id='word_1_74' title='bbox 1057 2054 1268 2146; x_wconf 88' lang='grc' dir='ltr'><em>μακρόπνουν</em></span> <span class='ocrx_word' id='word_1_75' title='bbox 1280 2055 1367 2139; x_wconf 85' lang='grc' dir='ltr'><em>ζόαν.</em></span> <span class='ocrx_word' id='word_1_76' title='bbox 1384 2090 1446 2130; x_wconf 68' lang='lat'><em>1³³⁵</em></span> 
     </span>
     <span class='ocr_line' id='line_1_18' title="bbox 313 2155 1015 2251; baseline -0.003 -21"><span class='ocrx_word' id='word_1_77' title='bbox 313 2160 429 2245; x_wconf 85' lang='grc' dir='ltr'><em>κλάεις,</em></span> <span class='ocrx_word' id='word_1_78' title='bbox 454 2155 481 2230; x_wconf 81' lang='grc' dir='ltr'><em>αἰ</em></span> <span class='ocrx_word' id='word_1_79' title='bbox 503 2159 572 2231; x_wconf 69' lang='grc' dir='ltr'><em>κατ’</em></span> <span class='ocrx_word' id='word_1_80' title='bbox 599 2159 701 2230; x_wconf 79' lang='grc' dir='ltr'><em>αὐλὰν</em></span> <span class='ocrx_word' id='word_1_81' title='bbox 724 2158 865 2230; x_wconf 85' lang='grc' dir='ltr'><em>άλαίνων</em></span> <span class='ocrx_word' id='word_1_82' title='bbox 886 2160 1015 2251; x_wconf 76' lang='grc' dir='ltr'><em>γεραιὸν</em></span> 
     </span>
    </p>

    <p class='ocr_par' dir='ltr' id='par_1_16' title="bbox 314 2264 573 2353">
     <span class='ocr_line' id='line_1_19' title="bbox 314 2264 573 2353; baseline 0.008 -21"><span class='ocrx_word' id='word_1_83' title='bbox 314 2264 405 2335; x_wconf 88' lang='grc' dir='ltr'><em>πόδα</em></span> <span class='ocrx_word' id='word_1_84' title='bbox 429 2265 573 2353; x_wconf 84' lang='grc' dir='ltr'><em>δεμνίοις</em></span> 
     </span>
    </p>

    <p class='ocr_par' dir='ltr' id='par_1_17' title="bbox 314 2367 625 2457">
     <span class='ocr_line' id='line_1_20' title="bbox 314 2367 625 2457; baseline -0.003 -19"><span class='ocrx_word' id='word_1_85' title='bbox 314 2367 471 2438; x_wconf 81' lang='grc' dir='ltr'><em>δύστανον</em></span> <span class='ocrx_word' id='word_1_86' title='bbox 494 2367 625 2457; x_wconf 70' lang='grc' dir='ltr'><em>ἰαάωνς]</em></span> 
     </span>
    </p>

    <p class='ocr_par' dir='ltr' id='par_1_18' title="bbox 316 2493 889 2580">
     <span class='ocr_line' id='line_1_21' title="bbox 316 2493 889 2580; baseline -0.007 -21"><span class='ocrx_word' id='word_1_87' title='bbox 316 2494 354 2559; x_wconf 94' lang='lat' dir='ltr'><em>In</em></span> <span class='ocrx_word' id='word_1_88' title='bbox 379 2496 471 2559; x_wconf 88' lang='lat' dir='ltr'>initio</span> <span class='ocrx_word' id='word_1_89' title='bbox 495 2496 591 2559; x_wconf 84' lang='lat' dir='ltr'>huius</span> <span class='ocrx_word' id='word_1_90' title='bbox 615 2493 748 2580; x_wconf 80' lang='lat' dir='ltr'>stropha</span> <span class='ocrx_word' id='word_1_91' title='bbox 770 2493 889 2577; x_wconf 86' lang='lat' dir='ltr'>legitur</span> 
     </span>
    </p>
   </div>
   <div class='ocr_carea' id='block_1_3' title="bbox 315 2801 1451 3111">
    <p class='ocr_par' dir='ltr' id='par_1_19' title="bbox 315 2801 1451 3111">
     <span class='ocr_line' id='line_1_22' title="bbox 315 2801 1450 2891; baseline 0.001 -23"><span class='ocrx_word' id='word_1_92' title='bbox 315 2810 413 2890; x_wconf 85' lang='lat' dir='ltr'>atque</span> <span class='ocrx_word' id='word_1_93' title='bbox 437 2805 547 2891; x_wconf 86' lang='lat' dir='ltr'>paullo</span> <span class='ocrx_word' id='word_1_94' title='bbox 572 2811 646 2890; x_wconf 87' lang='lat' dir='ltr'>post</span> <span class='ocrx_word' id='word_1_95' title='bbox 669 2805 928 2891; x_wconf 78' lang='lat' dir='ltr'>interpunctione</span> <span class='ocrx_word' id='word_1_96' title='bbox 952 2803 1102 2889; x_wconf 81' lang='lat' dir='ltr'>graviore</span> <span class='ocrx_word' id='word_1_97' title='bbox 1125 2803 1159 2866; x_wconf 90' lang='lat' dir='ltr'><em>in</em></span> <span class='ocrx_word' id='word_1_98' title='bbox 1181 2801 1270 2867; x_wconf 90' lang='lat' dir='ltr'>initio</span> <span class='ocrx_word' id='word_1_99' title='bbox 1288 2809 1321 2867; x_wconf 93' lang='lat' dir='ltr'><em>et</em></span> <span class='ocrx_word' id='word_1_100' title='bbox 1335 2802 1368 2867; x_wconf 89' lang='lat' dir='ltr'><em>in</em></span> <span class='ocrx_word' id='word_1_101' title='bbox 1386 2804 1450 2870; x_wconf 90' lang='lat' dir='ltr'><em>fine</em></span> 
     </span>
     <span class='ocr_line' id='line_1_23' title="bbox 315 2907 1451 2995; baseline 0 -23"><span class='ocrx_word' id='word_1_102' title='bbox 315 2910 422 2994; x_wconf 84' lang='lat' dir='ltr'>posita</span> <span class='ocrx_word' id='word_1_103' title='bbox 445 2909 582 2973; x_wconf 84' lang='lat' dir='ltr'>divisum</span> <span class='ocrx_word' id='word_1_104' title='bbox 606 2933 626 2974; x_wconf 83' lang='lat' dir='ltr'>a</span> <span class='ocrx_word' id='word_1_105' title='bbox 649 2910 767 2975; x_wconf 84' lang='lat' dir='ltr'>ceteris</span> <span class='ocrx_word' id='word_1_106' title='bbox 791 2909 945 2995; x_wconf 80' lang='lat' dir='ltr'>strophae</span> <span class='ocrx_word' id='word_1_107' title='bbox 975 2907 1125 2972; x_wconf 82' lang='lat' dir='ltr'>versibus</span> <span class='ocrx_word' id='word_1_108' title='bbox 1153 2907 1301 2993; x_wconf 76' lang='lat' dir='ltr'>sequitur</span> <span class='ocrx_word' id='word_1_109' title='bbox 1329 2908 1451 2995; x_wconf 90' lang='lat' dir='ltr'>hyper-</span> 
     </span>
     <span class='ocr_line' id='line_1_24' title="bbox 317 3009 1006 3111; baseline -0.003 -35"><span class='ocrx_word' id='word_1_110' title='bbox 317 3018 456 3076; x_wconf 91' lang='lat' dir='ltr'>metrum</span> <span class='ocrx_word' id='word_1_111' title='bbox 479 3013 746 3111; x_wconf 53' lang='lat' dir='ltr'>choriambicum</span> <span class='ocrx_word' id='word_1_112' title='bbox 758 3016 966 3079; x_wconf 80' lang='lat'>1519—1521</span> <span class='ocrx_word' id='word_1_113' title='bbox 981 3009 1006 3096; x_wconf 84' lang='lat'><em>¹)</em></span> 
     </span>
    </p>
   </div>
   <div class='ocr_carea' id='block_1_4' title="bbox 318 3390 1451 3584">
    <p class='ocr_par' dir='ltr' id='par_1_20' title="bbox 318 3390 1451 3584">
     <span class='ocr_line' id='line_1_25' title="bbox 318 3390 1451 3481; baseline -0.003 -23"><span class='ocrx_word' id='word_1_114' title='bbox 318 3414 399 3478; x_wconf 89' lang='lat' dir='ltr'>quos</span> <span class='ocrx_word' id='word_1_115' title='bbox 422 3413 536 3459; x_wconf 80' lang='lat' dir='ltr'>versus</span> <span class='ocrx_word' id='word_1_116' title='bbox 559 3393 747 3459; x_wconf 84' lang='lat' dir='ltr'>Dindorfius</span> <span class='ocrx_word' id='word_1_117' title='bbox 777 3394 908 3481; x_wconf 90' lang='lat' dir='ltr'>quidem</span> <span class='ocrx_word' id='word_1_118' title='bbox 936 3395 969 3458; x_wconf 93' lang='lat' dir='ltr'><em>in</em></span> <span class='ocrx_word' id='word_1_119' title='bbox 994 3393 1135 3458; x_wconf 87' lang='lat' dir='ltr'>editione</span> <span class='ocrx_word' id='word_1_120' title='bbox 1159 3391 1204 3455; x_wconf 81' lang='lat' dir='ltr'><em>ita</em></span> <span class='ocrx_word' id='word_1_121' title='bbox 1226 3390 1385 3477; x_wconf 84' lang='lat' dir='ltr'>disponit,</span> <span class='ocrx_word' id='word_1_122' title='bbox 1415 3397 1451 3456; x_wconf 91' lang='lat' dir='ltr'><em>ut</em></span> 
     </span>
     <span class='ocr_line' id='line_1_26' title="bbox 319 3497 1066 3584; baseline 0 -23"><span class='ocrx_word' id='word_1_123' title='bbox 319 3499 440 3584; x_wconf 83' lang='lat' dir='ltr'>primus</span> <span class='ocrx_word' id='word_1_124' title='bbox 464 3504 497 3562; x_wconf 91' lang='lat' dir='ltr'><em>et</em></span> <span class='ocrx_word' id='word_1_125' title='bbox 521 3497 683 3562; x_wconf 79' lang='lat' dir='ltr'>secundus</span> <span class='ocrx_word' id='word_1_126' title='bbox 707 3498 965 3584; x_wconf 81' lang='lat' dir='ltr'>hypercataleoti</span> <span class='ocrx_word' id='word_1_127' title='bbox 987 3497 1066 3562; x_wconf 85' lang='lat' dir='ltr'>fiant</span> 
     </span>
    </p>
   </div>
   <div class='ocr_carea' id='block_1_5' title="bbox 320 3877 1456 4170">
    <p class='ocr_par' dir='ltr' id='par_1_21' title="bbox 320 3877 1456 4170">
     <span class='ocr_line' id='line_1_27' title="bbox 321 3877 1455 3963; baseline 0.001 -23"><span class='ocrx_word' id='word_1_128' title='bbox 321 3877 482 3941; x_wconf 79' lang='lat' dir='ltr'>secundus</span> <span class='ocrx_word' id='word_1_129' title='bbox 506 3883 538 3943; x_wconf 85' lang='lat' dir='ltr'><em>et</em></span> <span class='ocrx_word' id='word_1_130' title='bbox 561 3879 675 3942; x_wconf 83' lang='lat' dir='ltr'>tertius</span> <span class='ocrx_word' id='word_1_131' title='bbox 698 3879 824 3963; x_wconf 81' lang='lat' dir='ltr'>syllaba</span> <span class='ocrx_word' id='word_1_132' title='bbox 847 3878 940 3942; x_wconf 83' lang='lat' dir='ltr'>brevi</span> <span class='ocrx_word' id='word_1_133' title='bbox 966 3878 1133 3962; x_wconf 82' lang='lat' dir='ltr'>incipiant.</span> <span class='ocrx_word' id='word_1_134' title='bbox 1177 3877 1322 3941; x_wconf 90' lang='lat' dir='ltr'>Dubium</span> <span class='ocrx_word' id='word_1_135' title='bbox 1344 3883 1455 3942; x_wconf 83' lang='lat' dir='ltr'>autem</span> 
     </span>
     <span class='ocr_line' id='line_1_28' title="bbox 321 3978 1456 4065; baseline -0.001 -21"><span class='ocrx_word' id='word_1_136' title='bbox 321 4002 396 4045; x_wconf 84' lang='lat' dir='ltr'>esse</span> <span class='ocrx_word' id='word_1_137' title='bbox 420 4000 484 4044; x_wconf 91' lang='lat' dir='ltr'><em>non</em></span> <span class='ocrx_word' id='word_1_138' title='bbox 507 3985 626 4065; x_wconf 81' lang='lat' dir='ltr'>potest,</span> <span class='ocrx_word' id='word_1_139' title='bbox 651 3981 727 4064; x_wconf 91' lang='lat' dir='ltr'>quin</span> <span class='ocrx_word' id='word_1_140' title='bbox 749 3981 784 4043; x_wconf 93' lang='lat' dir='ltr'><em>hi</em></span> <span class='ocrx_word' id='word_1_141' title='bbox 807 4000 920 4044; x_wconf 84' lang='lat' dir='ltr'>versus</span> <span class='ocrx_word' id='word_1_142' title='bbox 945 3985 1099 4044; x_wconf 84' lang='lat' dir='ltr'>contextu</span> <span class='ocrx_word' id='word_1_143' title='bbox 1122 3978 1280 4044; x_wconf 84' lang='lat' dir='ltr'>sermonis</span> <span class='ocrx_word' id='word_1_144' title='bbox 1295 3998 1400 4065; x_wconf 83' lang='lat' dir='ltr'>aeque</span> <span class='ocrx_word' id='word_1_145' title='bbox 1417 3998 1456 4043; x_wconf 83' lang='lat' dir='ltr'><em>ao</em></span> 
     </span>
     <span class='ocr_line' id='line_1_29' title="bbox 320 4080 1456 4170; baseline -0.001 -23"><span class='ocrx_word' id='word_1_146' title='bbox 320 4086 417 4149; x_wconf 88' lang='lat' dir='ltr'>metri</span> <span class='ocrx_word' id='word_1_147' title='bbox 440 4085 539 4148; x_wconf 82' lang='lat' dir='ltr'>artius</span> <span class='ocrx_word' id='word_1_148' title='bbox 564 4086 648 4148; x_wconf 87' lang='lat' dir='ltr'>inter</span> <span class='ocrx_word' id='word_1_149' title='bbox 669 4106 705 4148; x_wconf 81' lang='lat' dir='ltr'><em>se</em></span> <span class='ocrx_word' id='word_1_150' title='bbox 729 4085 935 4162; x_wconf 76' lang='lat' dir='ltr'>cohaereant,</span> <span class='ocrx_word' id='word_1_151' title='bbox 958 4085 1067 4169; x_wconf 80' lang='lat' dir='ltr'>itaque</span> <span class='ocrx_word' id='word_1_152' title='bbox 1084 4085 1130 4148; x_wconf 84' lang='lat' dir='ltr'><em>sie</em></span> <span class='ocrx_word' id='word_1_153' title='bbox 1146 4084 1318 4170; x_wconf 84' lang='lat' dir='ltr'>disponere</span> <span class='ocrx_word' id='word_1_154' title='bbox 1334 4080 1456 4165; x_wconf 83' lang='lat' dir='ltr'>malim,</span> 
     </span>
    </p>
   </div>
   <div class='ocr_carea' id='block_1_6' title="bbox 394 4288 1247 4360">
    <p class='ocr_par' dir='ltr' id='par_1_22' title="bbox 394 4288 1247 4360">
     <span class='ocr_line' id='line_1_30' title="bbox 394 4288 1247 4360; baseline 0 -16"><span class='ocrx_word' id='word_1_155' title='bbox 394 4295 414 4359; x_wconf 78' lang='lat'><em>¹)</em></span> <span class='ocrx_word' id='word_1_156' title='bbox 433 4291 533 4354; x_wconf 78' lang='lat' dir='ltr'>Christ,</span> <span class='ocrx_word' id='word_1_157' title='bbox 552 4288 674 4343; x_wconf 78' lang='lat' dir='ltr'>Mon-ik2</span> <span class='ocrx_word' id='word_1_158' title='bbox 694 4308 721 4358; x_wconf 83' lang='lat' dir='ltr'><em>p.</em></span> <span class='ocrx_word' id='word_1_159' title='bbox 739 4290 798 4354; x_wconf 87' lang='grc'><em>461,</em></span> <span class='ocrx_word' id='word_1_160' title='bbox 817 4290 869 4343; x_wconf 85' lang='grc'><em>466</em></span> <span class='ocrx_word' id='word_1_161' title='bbox 887 4288 1061 4344; x_wconf 75' lang='lat' dir='ltr'>choriambon</span> <span class='ocrx_word' id='word_1_162' title='bbox 1080 4306 1138 4343; x_wconf 85' lang='lat' dir='ltr'>esse</span> <span class='ocrx_word' id='word_1_163' title='bbox 1157 4291 1247 4360; x_wconf 83' lang='lat' dir='ltr'>putot.</span> 
     </span>
    </p>
   </div>
   <div class='ocr_carea' id='block_1_7' title="bbox 0 0 1532 5010">
    <p class='ocr_par' dir='ltr' id='par_1_23' title="bbox 0 0 1532 5010">
     <span class='ocr_line' id='line_1_31' title="bbox 0 0 1532 5010; baseline 0 0"><span class='ocrx_word' id='word_1_164' title='bbox 0 0 1532 5010; x_wconf 95' lang='lat' dir='ltr'><em> </em></span> 
     </span>
    </p>
   </div>
  </div>
 </body>
</html>
