3038 5010
665 450 885 516 „,7..

188 645 221 692 v.
246 626 311 713 465
342 623 518 691 Ranarum
551 624 651 692 haec:
693 621 737 699 εἷς
770 633 829 688 των
853 627 883 688 ἐν
902 623 997 689 Ἅιδου
1025 626 1112 709 λέγει,
1131 695 1133 699 ,
1150 630 1229 700 τίνες
1257 626 1288 690 δὲ
1311 629 1363 703 τὸν

189 734 296 798 Αἰακὸν
326 734 457 817 λέγουσιν
487 735 709 821 ἀποκρίνασθαι·
744 733 812 821 ὅπερ
841 734 991 796 ἀπίθανον.
1038 730 1234 800 Scholiasta
1257 731 1363 820 igitur

189 838 254 905 iam
294 839 440 925 ignorat,
486 861 588 927 quam
629 860 814 927 personam
855 839 910 904 illo
949 838 1027 904 loco
1069 837 1239 906 dicentem
1278 839 1362 908 iece-
1446 924 1449 929 ,

191 944 231 1011 rit
263 958 376 1034 poeta.
424 944 460 1012 In
493 967 723 1034 personarum
747 944 858 1012 indice
883 944 1012 1012 codicis
1036 944 1068 1011 R
1092 945 1290 1013 nominatur
1311 949 1363 1012 θε-

191 1063 289 1140 ράπων
313 1053 505 1127 Πλούτωνος.
553 1054 709 1120 Auctore
741 1051 873 1120 scholio
903 1052 946 1118 ad
978 1074 1009 1122 v.
1033 1053 1111 1140 607,
1146 1052 1204 1119 ubi
1235 1052 1364 1142 scripta

190 1158 363 1227 videmus:
381 1164 455 1224 ’ἔνιοι
478 1163 508 1224 λε’
533 1185 601 1248 φασι
625 1171 720 1224 πάντα
744 1161 831 1223 αὐτὸν
855 1161 951 1242 λε’κειν
975 1161 1025 1222 τὸν
1049 1159 1215 1223 Πλούτωνα
1238 1165 1364 1244 ἀγανακ-

190 1275 296 1330 τοῦντα
327 1270 371 1331 ἐπί
402 1275 444 1354 τῷ
472 1271 629 1332 τύπτεσθαι
660 1266 733 1341 τοὺς
756 1269 942 1340 ἀκολούθους
966 1267 1018 1330 ιἰιιὸ
1043 1266 1183 1351 Ξανθίοο,
1214 1266 1364 1336 fortasse

191 1386 311 1441 auctor
342 1375 443 1441 huius
477 1375 671 1460 argumenti
705 1385 901 1440 commotus
925 1389 989 1454 est,
1023 1375 1173 1441 utillum
1200 1396 1263 1461 pro
1288 1373 1363 1442 Plu·

190 1491 271 1546 tone
286 1479 362 1568 ipso
386 1480 539 1547 haberet.
589 1479 748 1562 Wagner
771 1491 884 1547 autem
911 1502 1051 1548 revera
1074 1481 1128 1548 illa
1144 1481 1254 1548 verba
1278 1481 1363 1549 sero·

192 1585 242 1653 cia
273 1608 316 1653 ex
344 1609 405 1654 ore
430 1586 585 1654 Plutonis
609 1586 731 1654 melius
755 1608 859 1674 quam
884 1587 992 1655 Aeaci
1017 1587 1126 1655 audiri
1151 1600 1262 1676 putat;
1299 1589 1362 1656 sed

190 1692 255 1760 hoc
287 1716 424 1781 negem,
456 1695 549 1780 quod
582 1694 690 1761 verba
723 1717 755 1764 v.
780 1695 847 1782 469
877 1696 908 1757 ὃν
937 1694 994 1780 ἐμὲ)
1018 1695 1180 1784 'putarem
1205 1717 1282 1762 cum
1307 1695 1363 1763 illa

191 1799 352 1888 opinione
368 1823 527 1888 pugnare
543 1800 624 1867 mihi
641 1800 811 1868 videntur.
858 1800 1088 1871 Statuendum
1113 1813 1167 1869 est
1190 1824 1281 1884 eum,
1305 1802 1363 1891 qui

191 1906 350 1995 loquitur,
375 1930 454 1975 esse
468 1909 624 1975 Aeacum
636 1931 644 1987 ;
668 1907 820 1975 similiter
841 1908 1033 1976 Mercurius
1057 1931 1077 1976 a
1101 1921 1205 1998 poeta
1222 1909 1254 1976 in
1272 1910 1364 1978 Pace

191 2013 337 2101 loquens
361 2017 471 2082 factus
496 2027 558 2086 est.

278 2121 424 2188 Restant
453 2133 659 2208 argumenta
682 2120 1000 2190 Ecclesiazusarum
1024 2145 1064 2190 ac
1088 2121 1187 2202 Pluti,
1213 2144 1361 2210 quorum

191 2227 285 2316 prius
309 2228 341 2295 in
367 2227 544 2295 codicibus
566 2227 644 2295 Vet
665 2228 696 2295 R
722 2250 790 2295 non
816 2239 911 2296 extat
934 2240 968 2297 et
991 2229 1156 2318 imprimis
1179 2228 1248 2297 fide
1273 2229 1364 2298 codi-

192 2334 239 2401 cis
263 2335 482 2402 Laurentiani
506 2336 531 2400 Γ
555 2335 679 2407 nititur.

398 2500 449 2560 Ἐν
474 2507 538 2571 τοῖς
561 2498 681 2587 Σκίροις
705 2502 743 2562 τά
767 2493 856 2582 γόνατ’
882 2501 990 2588 ἔκρινεν
1014 2501 1044 2563 ἐν
1068 2501 1192 2574 στολαῖς

404 2607 516 2692 ἀνδρῶν
539 2607 727 2692 προκαθίζειν
751 2611 913 2690 γενομένης
938 2608 1100 2690 ἐκκλησίας

403 2714 586 2800 περιθέμεναι
609 2717 756 2792 πώγωνας
780 2714 946 2800 ἀλλοτρίων
970 2722 1087 2801 τριχῶν,

404 2821 543 2903 ἐποίησαν
567 2820 676 2893 οὔτως.
702 2820 895 2907 ὑστεροῦντες
919 2821 968 2883 σὀν
992 2823 1116 2895 στολαῖς

363 2947 375 2984 ⁵
406 2925 512 3013 ἄνδρες
536 2935 676 3010 γυναικῶν
701 2929 853 2990 ἐκάθισαν·
878 2929 924 2989 καί
947 2929 983 3012 bb
1009 2931 1059 3010 μία

403 3034 562 3121 δημηγορεῖ
585 3034 647 3120 περὶ
672 3042 722 3096 τοῦ
746 3034 900 3117 λαβούσας
924 3042 983 3097 των
1008 3035 1086 3096 ὁλων

405 3140 458 3223 τὴν
482 3141 637 3227 ἐπιτροπὴν
663 3140 778 3222 βέλτιον
802 3139 900 3227 ἄρξειν
925 3144 1028 3229 μορίῳ,

405 3247 540 3310 ἐκέλευσέ
564 3245 590 3309 τ’
616 3250 661 3320 είς
684 3248 776 3310 κοινὸν
801 3253 896 3335 ιρὲρείν
921 3249 958 3310 τοί
981 3253 1121 3335 χρήματα

405 3355 450 3415 καί
475 3353 582 3440 χρῆσθ’
608 3358 710 3416 ἅπασιν
734 3353 768 3435 ἐξ
791 3353 853 3417 ἰ’σοο
878 3363 945 3428 ταῖς
969 3356 1081 3428 οὐσίαις

351 3483 377 3519 10
405 3462 451 3522 καὶ
475 3469 541 3533 ταῖς
566 3459 676 3544 ροναιΕί
700 3463 908 3544 μετατίθεσθαι
932 3461 1005 3535 τοὺς
1029 3467 1149 3545 νόμους.

280 3625 312 3703 2)
337 3625 448 3709 ἀνέρων
472 3621 513 3700 Γ;
538 3623 598 3688 scd
624 3621 847 3689 scribendum
879 3642 958 3687 esse
983 3623 1094 3709 ἀνδρῶν
1127 3622 1248 3699 credo;
1284 3641 1362 3686 nam

191 3726 301 3794 forma
318 3726 505 3814 trisyllaba,
530 3740 703 3815 repugnat
720 3740 841 3808 metr0,
864 3729 957 3816 quod
975 3727 1086 3794 littera
1104 3753 1122 3791 α
1138 3725 1236 3793 vocis
1253 3731 1364 3816 ἀνέρων

193 3846 245 3901 est
267 3835 386 3921 longa;
420 3846 601 3923 praeterea
629 3835 760 3901 formae
785 3833 983 3921 trisyllabae
1008 3832 1155 3901 nominis
1188 3839 1262 3923 ἀνὴρ
1295 3855 1362 3900 non

192 3941 254 4008 nisi
279 3942 311 4007 in
337 3942 544 4011 carminibus
560 3941 679 4030 epicis
704 3953 871 4030 apparent
897 3954 954 4007 aut
979 3940 1011 4006 in
1037 3939 1246 4006 carminibus
1264 3939 1363 4027 epico

193 4049 402 4128 charactere,
418 4061 454 4114 ut
470 4070 576 4137 supra
592 4049 843 4128 demonstravi,
863 4047 904 4118 cf.
919 4047 1020 4114 etiam
1037 4047 1069 4113 in
1087 4069 1193 4113 versu
1208 4068 1229 4136 5
1247 4047 1363 4134 ἄνδρες.

192 4153 323 4221 Eodem
338 4155 370 4220 in
388 4176 491 4222 versu
505 4159 725 4243 τροκαθίζοντα
737 4155 830 4236 Ald,
855 4156 1079 4243 προκαθέζοντα
1090 4154 1125 4232 Γ,
1151 4154 1245 4241 quod
1263 4153 1364 4239 plane

193 4264 427 4349 respuendum
469 4275 531 4340 est,
572 4263 665 4351 quod
708 4262 819 4329 forma
850 4263 1030 4350 κροκοθέζω
1061 4283 1130 4327 non
1163 4272 1265 4338 extat,
1301 4262 1363 4327 sed

1227 4404 1245 4440 2
