3038 5010
776 318 818 417 4¹

279 533 330 597 66.
372 534 526 598 Tmesin
559 534 657 597 ctiam
691 533 725 597 in
757 535 820 598 hac
850 532 1133 598 commentationis
1162 537 1258 614 parte
1288 533 1413 616 ducam,

190 641 275 717 quod
303 639 381 705 item
409 641 471 706 hac
500 661 535 706 re
565 643 642 705 ordo
667 644 840 706 verborum
869 644 1095 706 commutatur.
1143 640 1237 724 Quod
1257 639 1416 705 Kuchner

183 745 224 809 -in
253 753 324 811 arte
352 748 569 828 grammatica
599 747 648 832 (II
672 749 688 810 1
714 767 745 829 p.
763 748 885 813 babet
908 745 986 831 535)
1018 746 1099 812 dicit
1126 751 1241 828 poetas
1270 766 1308 812 ea
1338 764 1415 812 usos

191 872 261 917 esse
292 854 372 936 „auf
393 854 635 920 kinstlerische
659 855 770 921 Weise
799 874 857 919 zur
881 855 1021 936 Hebung
1045 855 1110 919 und
1134 853 1331 936 Steigerung
1358 854 1415 919 des

191 960 419 1026 Ausdruckes“
447 969 479 1027 et
494 962 749 1042 Aristophanem
773 981 844 1027 cam
860 967 987 1027 tantum
1011 962 1045 1026 in
1060 961 1199 1027 canticis
1215 960 1414 1042 adhibuisse,

194 1067 248 1148 „in
272 1069 375 1133 denen
406 1089 442 1133 er
470 1069 503 1133 in
532 1069 798 1151 schwungvoller
821 1069 965 1150 Sprache
997 1069 1049 1132 die
1079 1067 1248 1133 feierliche
1276 1069 1342 1133 und
1366 1086 1419 1132 cr·-

191 1175 316 1239 habene
340 1175 634 1243 Ausdrucksweise
659 1176 716 1241 der
737 1175 901 1258 Tragiker
924 1175 1144 1258 parodierte“‚
1170 1175 1267 1241 valde
1291 1173 1414 1256 dubito,

192 1300 234 1345 an
258 1286 346 1346 recte
371 1282 581 1363 iudicaverit,
610 1282 805 1364 praesertim
830 1301 902 1346 cum
925 1281 1044 1347 tmesin
1068 1281 1168 1346 etiam
1191 1281 1227 1345 in
1250 1280 1416 1347 deverbiis

193 1387 407 1454 inveniamus.
448 1390 549 1453 Immo
575 1396 678 1454 metro
706 1408 776 1454 eum
801 1389 975 1454 adductum
1000 1407 1071 1454 esso
1094 1387 1288 1470 putaverim.
1336 1387 1419 1453 Sunt

192 1501 301 1560 autem
324 1497 405 1561 haec
428 1496 578 1578 exempla
601 1497 636 1561 in
660 1495 842 1563 deverbiis:
1324 1489 1326 1492 ⁴

280 1691 365 1758 Nub.
393 1693 465 1774 792,
493 1692 587 1757 1440.
636 1687 703 1757 odiro
726 1687 788 1780 γὰρ
813 1689 962 1773 ὀλοῦμαι,

282 1800 378 1880 Vesp.
397 1800 470 1865 784.
519 1795 581 1864 αἰνὰ
603 1798 656 1864 τοί
679 1822 720 1882 με
739 1797 883 1876 πείθεις,

282 1907 343 1972 AV.
363 1907 458 1972 1456.
505 1903 572 1971 dab
595 1903 657 1994 γάρ
680 1903 714 1989 μ’
737 1903 834 1984 ὀλεῖς,

283 2014 480 2080 Ran.1047.
527 2010 646 2080 καύτόν
671 2037 707 2079 σε
730 2011 799 2079 κατ’
822 2009 1029 2098 οὖνλέβαλεν,

281 2121 367 2187 Plut.
392 2122 444 2186 65.
492 2116 560 2186 ἀπό
585 2118 613 2187 α’
636 2119 701 2186 ὀλῶ
724 2119 831 2198 κακόν,

282 2317 473 2399 Tragicos
510 2318 587 2383 item
621 2317 687 2383 nisi
720 2316 817 2382 metri
850 2335 950 2383 causa
980 2317 1099 2382 tmesin
1129 2336 1194 2383 non
1228 2315 1418 2383 adhibuisse

193 2425 336 2490 dilucide
361 2424 472 2490 exeis
497 2424 655 2506 exemplis
679 2443 839 2506 apparere
863 2423 940 2489 mihi
965 2424 1109 2508 videtur,
1138 2424 1195 2490 ubi
1218 2422 1417 2506 praepositi-

193 2551 286 2597 onem
310 2532 409 2598 etiam
432 2532 468 2597 in
490 2531 587 2598 finem
609 2550 724 2598 versus
748 2531 948 2597 reiecerunt:

282 2728 378 2810 Suph.
395 2727 481 2792 Phil.
501 2728 573 2793 343.
607 2718 730 2814 ἦλθαν
753 2750 794 2810 με
818 2726 871 2814 νηὶ
894 2723 1133 2815 ααικιλοστόλῳ
1156 2724 1264 2809 μέτα.

281 2834 360 2900 Eur.
378 2836 449 2901 Alc.
475 2836 527 2899 46.
560 2831 701 2923 δάμαρτ’
724 2831 883 2921 α’μείψας,
908 2830 946 2921 ἢν
970 2830 1011 2898 σὺ
1034 2836 1091 2899 νῦν
1115 2830 1221 2922 ἥκεις
1243 2829 1350 2918 με’τα.

355 2944 433 3008 Hec.
452 2944 526 3008 503.
568 2994 573 3006 .
601 2995 606 3006 .
634 2996 639 3006 .
751 2938 815 3029 ἥκω
839 2941 1014 3006 Δαναϊδῶν
1037 2937 1202 3027 ὑπηρέτης
1333 2935 1349 2956 ³

492 3064 729 3150 Ἀγαμέμνονος
751 3063 1000 3153 πέμψαντος,
1024 3057 1051 3129 ὦ
1073 3061 1177 3148 γύναι,
1201 3061 1308 3162 μέτα.

282 3194 459 3258 Praeterea
483 3193 558 3258 viae
582 3193 635 3257 m.
653 3194 728 3273 oro,
752 3193 829 3257 Ant.
847 3193 921 3272 427,
946 3191 1021 3272 432,
1048 3190 1144 3271 1233,
1169 3189 1221 3253 ul.
1241 3191 1314 3274 713,
1341 3190 1415 3272 mo,

353 3302 469 3365 Trach.
488 3301 562 3381 565,
587 3301 662 3381 925,
689 3299 784 3381 1053,
811 3299 897 3364 1055
921 3303 954 3363 et
977 3317 1028 3377 qu.
1046 3316 1071 3362 s.
1089 3316 1115 3361 r.

283 3461 394 3527 Etiam
419 3461 622 3527 Herondas
647 3480 718 3527 eam
742 3459 906 3526 adhibuit:

588 3604 669 3669 137.
702 3599 771 3668 κατ’
794 3593 852 3667 οὖν
875 3599 995 3690 λήσεις,

550 3713 597 3779 IV
610 3713 662 3776 29.
694 3709 729 3774 εἰι
751 3707 835 3790 τάχα
859 3705 969 3798 ψύξει,

609 3820 662 3883 49.
696 3814 740 3892 ὠς
763 3813 798 3882 ἐλι
820 3841 862 3901 με
884 3813 998 3893 καίεις,

609 3926 661 3991 60.
694 3922 779 4012 πρὸς
801 3921 863 4012 γὰρ
887 3920 920 3988 αἱ
942 3927 1076 3989 κεῖνται.

284 4090 335 4152 67.
383 4089 530 4154 Alterius
561 4096 699 4153 tmeseos
732 4086 881 4168 exempla
911 4085 1067 4150 habemus
1098 4083 1140 4147 iis
1171 4081 1267 4163 locis,
1300 4081 1417 4161 quibus

197 4196 347 4260 suffixum
379 4221 417 4260 -ι
448 4196 622 4278 particulis
650 4192 699 4279 γε’,
730 4192 799 4278 μὲν,
832 4189 868 4257 δὲ
891 4191 1037 4257 additum
1062 4210 1081 4254 a
1105 4208 1184 4257 voce
1216 4207 1275 4252 sua
1300 4189 1417 4252 direm-

197 4310 284 4383 ptum
309 4302 404 4388 esth:

198 4445 281 4453 -.-.-
289 4449 348 4454 -..ἡ
360 4449 387 4453 ..-

287 4516 305 4584 1)
325 4515 366 4571 of.
388 4514 610 4568 Kuehner-Blass
629 4513 658 4566 II
677 4514 768 4579 1).th
787 4512 848 4566 adn.
873 4513 896 4564 2.
923 4510 1007 4565 Cobet
1025 4508 1091 4562 Nov.
1106 4507 1168 4562 loct.
1188 4523 1214 4574 p.
1229 4507 1287 4561 142.
