3038 5010
126 655 234 713 κοῡντα
265 646 295 712 θ’
316 648 408 725 ὅπως,
443 646 569 733 quibus
600 647 719 714 verbis
753 659 898 714 metrum
932 647 1164 736 perturbatur,
1196 669 1241 715 ex
1271 646 1302 715 R

129 753 353 840 corriguntur
375 753 442 821 sic:

341 898 433 972 αὐτός
457 897 484 960 τ’
510 898 674 985 ἐφύλαττεν
699 900 778 962 ἔνδον
803 901 908 962 οἰκέται
931 896 972 974 θ’,
999 897 1091 972 ὅπως.

218 1056 354 1125 Versus
386 1072 498 1124 autem
523 1079 610 1146 5-7
635 1058 668 1124 in
695 1057 815 1124 codice
839 1056 870 1123 R
894 1057 982 1124 inter
1012 1079 1051 1125 se
1076 1057 1174 1125 locos
1198 1066 1304 1123 muta·

129 1176 254 1232 verunt
278 1175 312 1230 et
335 1186 475 1232 versum
500 1165 523 1231 6
546 1165 613 1231 hoc
638 1164 745 1231 modo
769 1162 934 1252 scriptum
959 1163 1137 1231 videmus:

418 1352 533 1430 σφῆκες
557 1347 704 1431 παρόντες
728 1345 760 1407 έκ
784 1344 891 1407 ταύτοῦ
915 1351 1015 1407 κακοῦ.

129 1519 348 1588 Manifestum
375 1533 427 1587 est
451 1521 542 1587 hunc
567 1542 707 1586 versum
733 1542 813 1587 esse
836 1519 1045 1598 mutilatum;
1069 1517 1101 1584 in
1128 1517 1248 1586 codice
1272 1516 1304 1583 V

130 1648 255 1694 versus
279 1639 373 1694 recte
397 1649 436 1693 se
461 1628 579 1694 habet:

363 1781 488 1860 σφηκες,
513 1775 717 1859 παραγίνονται
742 1772 925 1856 βοηθοῦντες
949 1773 1070 1858 σφόδρα.

220 2005 269 2071 At
300 2015 541 2090 argumentum
573 2001 672 2070 Pacis
705 2003 798 2088 quod
832 2001 999 2091 sequitur,
1032 2001 1135 2068 valde
1166 2021 1305 2089 corrup-

131 2123 203 2178 tum
228 2122 291 2178 est.

290 2237 340 2323 Tu
362 2239 403 2299 Διί
427 2246 534 2324 φράσαι
550 2237 680 2299 σπεύδων
697 2239 734 2298 τοὶ
750 2239 815 2299 κατ’
832 2237 1009 2323 ἀνθρώπους
1033 2236 1139 2313 (κακοί)

291 2344 437 2432 Τρυηαίος
461 2344 670 2420 <οίναπτέσθαι>
694 2343 793 2406 θέλων
817 2343 862 2416 ὡς
885 2340 958 2416 τοὺς
980 2344 1082 2415 θεούς,

293 2449 449 2538 ἐξέτρεφεν
473 2450 573 2538 ὄρνιθ’.
600 2451 646 2524 ὡς
669 2449 696 2513 δ’
720 2454 840 2534 ἀνέπτη,
867 2449 1030 2533 κατέλαβεν

290 2561 430 2646 <Ἐρ>μῆν
455 2564 541 2641 μόνον
565 2557 639 2620 οίνω·
665 2553 729 2646 κᾷτ’
754 2559 938 2621 ἐπιδείκνυσιν
963 2565 1081 2644 φράσας

252 2687 264 2724 ο
292 2667 343 2729 τὸν
367 2665 504 2748 Πόλεμον
530 2664 684 2749 <οίκισθην’
711 2669 924 2752 ἀπηωρημένον

293 2772 409 2860 ἄερος),
433 2774 547 2854 ἕτοιμόν
571 2771 598 2835 τ’
623 2772 692 2835 duta
715 2773 791 2859 πρὸς
815 2775 970 2856 κακουχίαν

292 2881 346 2964 τὴν
370 2883 520 2966 πρότερον,
548 2881 674 2966 Εἰρήνην
697 2879 728 2942 δὲ
751 2881 1013 2966 κατορωρυημενην

293 2988 441 3050 ἱκέτευσαν
464 2988 490 3048 οί
513 2985 578 3049 κατ’
604 2985 714 3073 ἀγροὺς
738 2986 879 3047 ἀνάπαλιν
901 2985 1055 3060 (struem).

293 3094 325 3155 τὸ
351 3092 402 3175 μέν
430 3094 539 3178 (βαδην
564 3093 682 3169 αὐτοῖς)
708 3093 856 3155 ἐπένευσε·
881 3092 927 3154 καί
951 3095 1019 3154 τότε

240 3222 266 3259 ω
295 3205 445 3284 ἀνᾰηουσιν
469 3201 561 3285 αὐτην
586 3201 618 3262 ἐκ
643 3200 783 3287 βερέθρου
807 3199 853 3262 καί
878 3199 1002 3281 τάγαθά.

227 3346 256 3423 1)
282 3340 430 3408 Ultimus
455 3362 517 3427 pes
542 3341 649 3407 deest.
697 3339 842 3406 Nauekii
867 3339 1111 3419 coniecturam,
1137 3336 1195 3425 qui
1217 3338 1306 3404 bene

135 3447 265 3515 addidit
289 3458 373 3523 κακά,
399 3447 539 3535 accipiO.

225 3576 258 3655 2)
284 3570 416 3639 Versus
442 3585 495 3639 est
518 3572 718 3638 lacunosus:

445 3715 591 3802 Τρυγαῖος
614 3716 714 3779 θέλων
738 3715 783 3788 ὡς
807 3713 880 3788 τοὺς
904 3715 996 3787 θεοὺς

133 3856 183 3925 sic
215 3857 370 3936 traditur,
405 3879 493 3945 quae
524 3858 633 3923 verba
657 3856 816 3923 Meineke
848 3869 940 3921 recte
976 3853 1195 3942 supplevisse
1227 3851 1308 3919 mihi

134 3963 273 4031 videtur
297 3965 363 4030 hoc
388 3964 510 4032 modo:

347 4129 493 4215 Τρυγαῖος
516 4129 695 4191 ἀναπτέσθαι
718 4128 816 4191 θέλων
841 4128 886 4200 ὡς
910 4126 983 4200 τοὺς
1007 4128 1099 4199 θεοὺς

127 4289 229 4376 ¹quod
256 4288 401 4355 verbum
428 4291 606 4352 ἀναπτέσθαι
632 4287 758 4375 optime
784 4288 991 4355 adsensum
1019 4287 1174 4376 quadrat.
