3038 5010
644 265 648 272 ’
760 289 906 384 n

190 508 317 568 vertam
335 508 367 566 et
383 501 514 566 initium
532 501 654 566 faciam
670 522 690 566 a
707 501 993 583 declinationibus
1019 500 1052 564 in
1070 500 1187 579 quibus
1212 519 1266 564 eos
1282 505 1418 582 propter

192 628 307 676 versus
330 608 435 691 legem
459 609 632 674 nonnullas
657 608 782 674 formas
806 610 847 673 ab
872 608 994 672 usitato
1020 626 1168 672 sermone
1193 607 1417 688 discrepantes

190 716 378 781 adhibuisse
403 735 662 797 cognoscemus.

557 933 584 994 1.
618 931 673 995 De
704 929 1052 995 declinationibus.

602 1076 631 1120 a.
662 1055 884 1121 Declinatiol
908 1062 941 1120 et
961 1055 1004 1119 Π.

280 1180 329 1244 De
362 1181 414 1245 his
446 1181 721 1246 declinationibus
755 1181 838 1245 nihil
871 1181 962 1245 aliud
995 1181 1099 1246 habeo
1133 1183 1218 1260 quod
1251 1179 1419 1262 proferam

190 1286 254 1351 nisi
289 1287 434 1352 dativum
467 1288 594 1352 numeri
628 1288 769 1369 pluralis
802 1308 866 1352 non
900 1307 1027 1368 semper
1058 1311 1138 1362 -αις
1168 1288 1222 1353 vel
1253 1310 1329 1362 -οις
1362 1289 1419 1352 sed

190 1393 381 1474 saepissime
412 1401 515 1460 metro
546 1395 734 1477 postulante
762 1394 904 1479 -αισι(ν)
928 1395 979 1461 vel
1010 1394 1150 1479 -otodul
1182 1393 1321 1478 syllabis
1353 1398 1419 1459 ter-

190 1500 310 1564 minari
319 1500 356 1586 ¹),
389 1502 506 1581 quibus
539 1502 655 1567 formis
686 1502 807 1583 tragici
837 1508 954 1583 poetae
986 1504 1097 1567 eodem
1128 1501 1222 1566 modo
1253 1501 1304 1565 usi
1333 1507 1417 1565 sunt.

191 1608 295 1672 ltletro
327 1609 537 1690 anapaestico
570 1614 687 1691 poetae
722 1609 864 1674 maxime
900 1610 1110 1691 cogebantur,
1145 1614 1182 1672 ut
1215 1608 1267 1672 his
1302 1606 1419 1672 formis

191 1715 292 1795 epicis
316 1721 494 1797 uterentur,
520 1716 548 1781 si
573 1716 747 1781 articulum
771 1714 824 1781 vel
848 1715 1048 1780 adiectivum
1073 1720 1149 1780 ante
1173 1733 1285 1779 vocem
1308 1714 1417 1780 iambo

190 1821 401 1903 incipientem
425 1843 545 1905 ponere
569 1823 693 1889 vellent
715 1823 807 1888 velut
834 1828 923 1888 τοῖσι
947 1827 1091 1897 θεαταῖς
1118 1822 1202 1887 Nub.
1221 1822 1295 1904 890,
1320 1823 1419 1902 Vesp.

192 1928 291 2011 1016,
316 1930 392 1995 Pac.
412 1932 491 2012 732,
521 1930 610 1995 Eccl.
629 1930 708 2011 5823
744 1934 832 1995 τοῖσι
860 1929 1019 2010 θεοῖσιίν)
1052 1929 1113 1996 AV.
1134 1929 1212 2011 156,
1238 1929 1316 2010 564,
1343 1929 1417 2009 603,

192 2035 529 2118 Pherecr.fr.231,l
551 2038 680 2119 p.151;
706 2041 812 2102 τοῖσιν
835 2033 995 2124 ἀδελφοῖς
1017 2036 1221 2118 Ran.1081;
1250 2032 1285 2099 ἐν
1307 2039 1418 2100 ταῖσιν

194 2139 403 2230 ἰοστεφάνοις
442 2142 525 2209 οἰκεῖ
557 2150 631 2220 ταῖς
666 2141 858 2232 ἀρχαίαισιν
893 2141 1051 2230 Ἀθήναις
1084 2144 1167 2223 Equ.
1202 2144 1303 2224 1323,
1342 2147 1418 2218 ταῖς

193 2246 384 2336 οἷρχαίαισιν
407 2248 564 2338 Ἀθήναις
587 2253 786 2333 Equ.1327,
811 2252 923 2317 multis
948 2251 1024 2315 aliis
1048 2250 1139 2315 locis.

279 2358 325 2422 At
348 2360 382 2422 in
405 2359 524 2424 iambis
549 2364 581 2424 et
604 2359 768 2424 trochaeis
792 2366 930 2424 metrum
950 2359 1091 2423 formam
1107 2357 1290 2438 longiorem
1306 2364 1418 2439 postu-

194 2463 288 2528 labat
323 2465 365 2530 iis
400 2466 497 2547 lociS,
535 2467 652 2546 quibus
687 2466 789 2531 series
823 2472 977 2546 quattuor
1011 2466 1184 2548 longarum
1218 2466 1421 2548 syllabarum

192 2571 329 2636 vitanda
353 2579 425 2637 erat
448 2574 552 2639 velut:

237 2678 297 2743 Av.
316 2679 389 2744 803.
423 2676 479 2744 ἐστὶ
502 2685 589 2745 τοῖσι
615 2685 686 2755 σοῖς
709 2677 922 2768 ὠκυπτέροις,

236 2785 297 2851 Av.
316 2788 390 2852 838.
422 2787 478 2852 καὶ
500 2793 589 2853 τοῖσι
612 2787 804 2868 τειχίζουσι,

236 2893 313 2976 Lys.
333 2895 406 2959 245.
438 2900 512 2971 ταῖς
536 2891 670 2960 ἄλλαισι
693 2899 803 2960 ταῖσιν
827 2893 861 2960 ἐν
884 2891 991 2972 πόλει,

237 3000 364 3066 Thesm.
382 3002 456 3068 350.
489 3007 563 3077 ταῖς
588 2998 781 3068 δ’ἄλλαισιν
804 2999 893 3085 ὑμῖν,

237 3106 364 3172 Thesm.
383 3109 456 3173 835.
489 3114 562 3184 ταῖς
586 3104 703 3184 ἄλλοις
726 3106 857 3196 ἑορταῖς
881 3100 971 3174 αἷσιν
995 3105 1091 3196 ἡμεῖς
1115 3104 1242 3195 ἤγομεν,

238 3212 359 3279 Oratim.
380 3215 419 3279 fr.
438 3216 566 3297 30οτ,1
589 3235 619 3297 p.
640 3216 713 3281 100.
746 3212 939 3304 Περικλέης,
963 3212 1088 3303 ε”ρνοισι
1112 3211 1220 3279 δὀὐδὲ
1242 3217 1336 3291 κινεῖ,

237 3320 423 3387 Pherecrat.
442 3322 484 3387 fr.
505 3324 577 3405 141,
595 3324 612 3388 Ι
635 3344 666 3405 p.
688 3324 759 3388 186.
792 3321 837 3410 μὴ
861 3321 946 3410 τιρὸς
968 3328 1057 3388 τοῖσι
1079 3327 1216 3407 βωμοῖς,

241 3426 376 3493 Philem.
396 3430 437 3493 fr.
456 3431 527 3512 391,
549 3431 584 3495 Π
607 3451 638 3512 p.
656 3431 730 3496 488.
763 3435 834 3505 τοῖς
857 3426 1006 3495 ἄλλοισιν
1029 3427 1151 3516 εἰδείης
1180 3436 1212 3495 et
1236 3448 1287 3508 qu.
1306 3448 1330 3493 s.
1347 3426 1417 3512 οἳ).

281 3554 320 3617 ln
351 3553 622 3635 inscriptionibus
654 3555 777 3620 Atticis
810 3555 889 3620 illae
926 3554 1051 3620 formae
1087 3559 1214 3619 tantum
1244 3572 1346 3633 usque
1377 3553 1419 3617 ad

195 3678 312 3724 annum
329 3661 394 3725 420
419 3662 525 3746 ί-ασι,
543 3662 637 3749 -ησι)
655 3662 789 3729 νε1444
807 3661 927 3748 (acor)
951 3661 1163 3728 inveniuntur
1187 3660 1419 3745 (Meisterhans

195 3784 226 3846 p.
244 3767 286 3831 94
302 3767 373 3853 σο).

284 3946 302 4013 ¹)
323 3946 365 3998 df.
385 3946 550 3999 Bertholdus
568 3946 661 4014 Speck,
683 3947 722 3999 De
736 3945 929 4013 Aristophanis
949 3946 1066 3999 dialecto
1086 3945 1161 3998 Part.
1176 3944 1202 3997 I:
1224 3945 1263 3998 De
1282 3945 1419 4011 epicurum

197 4040 225 4086 et
244 4033 399 4088 Ionicarum
419 4035 569 4088 formarum
590 4036 660 4102 apud
681 4038 811 4088 comicum
831 4051 890 4091 usu.
930 4035 1001 4090 Diss.
1016 4034 1129 4087 Vratisl.
1151 4034 1220 4087 1878
1239 4050 1263 4101 p.
1278 4033 1320 4088 27.

285 4125 304 4192 2)
325 4125 438 4192 Saepius
457 4127 541 4178 etiam
560 4125 666 4178 formae
685 4125 834 4192 productae
853 4129 963 4178 tantum
983 4124 1016 4176 ad
1031 4139 1140 4177 versum
1159 4123 1320 4191 explendum
1339 4137 1419 4189 pone·

152 4199 162 4214 s
194 4213 303 4280 bantur,
322 4219 355 4266 ut
372 4213 423 4267 hoc
442 4214 594 4281 exemplum
613 4215 799 4268 demonstrat:

407 4307 457 4357 Av.
476 4304 543 4357 848:
570 4301 623 4374 ἐγώ
644 4301 669 4357 d'
693 4307 738 4357 ἵνα
757 4301 836 4356 θύσω
855 4310 945 4356 τοῖσι
965 4308 1141 4357 καινοῖσιν
1159 4308 1242 4362 θεοῖς.

195 4394 233 4444 At
252 4391 321 4444 idem
341 4392 518 4446 Pithetaerus
538 4393 605 4446 dicit
624 4409 649 4446 v.
664 4393 731 4446 862:

569 4481 650 4553 ἱερεῦ,
671 4479 722 4536 σὸν
742 4484 833 4553 ἔργον,
852 4481 905 4536 θῦε
925 4488 995 4542 τοῖς
1013 4488 1149 4540 καινοῖς
1166 4486 1248 4540 θεοῖς.
