3038 5010
652 263 864 325 ...78..

251 453 303 517 ·6.
327 450 385 516 Usi
412 458 488 518 sunt
510 460 628 538 poetae
652 453 763 517 ionicis
788 473 807 516 a
831 451 967 516 dimetro
995 453 1188 518 catalectico
1211 473 1316 538 usque

189 556 229 619 ad
257 564 497 642 pentametrum
527 558 761 632 acatalectum3
797 557 873 641 quin
906 557 1004 621 etiam
1037 562 1088 621 est
1115 556 1172 621 ubi
1201 557 1322 643 hyper·

188 666 294 725 metra
316 661 451 746 triginta
473 662 620 727 brevium
645 662 786 747 spatium
810 659 984 725 excedant.

282 794 308 854 7.
333 791 439 856 Rarus
482 801 531 857 est
567 813 696 873 versus,
737 813 833 877 quem
873 793 1057 876 cpionicum
1093 791 1323 877 Hephaestion

191 898 346 982 appellat,
370 897 521 1001 Erupolid.
545 898 583 961 fr.
608 901 788 962 aso-292.

677 1437 752 1504 (lar.
775 1437 838 1504 ΙΙΙ.

243 1561 303 1625 DE
328 1560 387 1625 IIS
412 1559 644 1636 STROPHIS,
668 1560 717 1625 IN
741 1560 906 1634 QUIBUS
930 1560 986 1624 ET
1012 1561 1270 1626 OHORIAMBI

336 1664 393 1727 ET
416 1662 560 1728 IONIOI
582 1663 769 1727 ADMISSI
792 1663 1030 1728 VIDENTUR
1053 1664 1173 1730 ESSE.

275 1810 443 1896 Expositis
467 1810 516 1890 iis,
541 1831 624 1895 quae
649 1811 688 1874 de
711 1811 890 1876 choriambi
916 1811 1005 1876 etde
1025 1813 1122 1876 ionici
1145 1835 1208 1877 usu
1232 1819 1327 1879 erant

193 1915 346 1994 dicenda,
371 1922 491 1995 restat,
515 1920 550 1978 ut
574 1914 613 1978 de
637 1915 677 1978 iis
702 1916 841 2001 strophis
865 1937 969 2001 pauca
992 1915 1120 1997 addam,
1144 1917 1178 1980 in
1207 1916 1327 2002 quibus

190 2020 285 2083 ionici
309 2025 342 2083 et
371 2017 548 2082 choriambi
578 2019 672 2081 simul
703 2018 855 2083 videntur
885 2020 1004 2085 inesse.
1051 2019 1132 2084 Oum
1164 2026 1325 2107 appareat

191 2144 234 2186 ex
261 2123 299 2186 iis
330 2124 424 2202 locis,
458 2123 574 2206 quibus
604 2129 721 2206 poetae
748 2123 799 2185 his
827 2122 958 2187 diiambi
990 2124 1104 2186 variati
1134 2123 1246 2187 formis
1274 2126 1327 2188 usi

192 2232 280 2308 sunt,
323 2226 502 2290 choriambi
550 2232 647 2310 atque
694 2226 792 2289 etiam
834 2227 937 2311 magis
983 2226 1082 2290 ionici
1125 2248 1220 2290 usum
1265 2249 1326 2313 pro

190 2331 325 2395 licentia
346 2330 494 2394 habitum
520 2351 610 2409 esse,
638 2351 703 2394 non
734 2330 830 2394 facile
861 2330 974 2394 credas
1004 2351 1238 2415 saepenumero
1265 2331 1328 2397 has

190 2434 311 2498 formas
339 2434 373 2496 in
399 2455 465 2496 una
493 2433 675 2517 cademque
705 2434 839 2519 stropha
864 2434 1073 2519 consociatas,
1091 2455 1174 2499 esse.
1215 2435 1328 2521 Atque

192 2559 386 2625 quamquam
422 2559 486 2601 non
520 2537 639 2602 desunt
672 2537 841 2623 strophae,
876 2559 959 2622 quae
990 2544 1163 2623 utrumque
1194 2537 1328 2603 diiambi

191 2643 307 2708 variati
331 2663 435 2726 genus
463 2643 655 2727 praebeant,
686 2648 796 2705 tamen
820 2663 883 2704 nen
907 2642 1025 2705 similia
1051 2642 1136 2706 inter
1159 2664 1195 2707 se
1218 2644 1329 2708 omnia

192 2747 274 2811 haec
304 2747 455 2831 exempla
481 2752 565 2823 sunt,
589 2767 630 2809 ne
653 2744 759 2809 dicam
781 2745 883 2830 paria.
913 2744 1016 2821 ,Sane
1039 2745 1120 2808 nihil
1136 2745 1328 2811 offensionis

193 2851 315 2914 habent
342 2871 401 2914 eae
430 2849 600 2935 strophae,
631 2871 767 2933 quarum
798 2850 901 2913 altera
929 2870 1004 2934 pars
1028 2849 1253 2914 choriambum
1278 2849 1328 2914 di-

193 2955 309 3018 iambis
336 2953 507 3034 admiscet,
534 2954 637 3018 altera
666 2954 781 3017 ionicis
810 2954 990 3039 composita
1016 2961 1075 3018 esa
1129 2953 1231 3017 Plane
1263 2955 1330 3019 alia

193 3078 247 3122 res
274 3063 334 3137 est,
357 3078 429 3120 cum
450 3057 537 3120 idem
557 3058 652 3121 colon
671 3057 892 3120 choriambum
915 3063 948 3121 et
967 3058 1109 3121 ionicum
1126 3057 1244 3120 mixtos
1268 3078 1328 3121 ex-

193 3164 308 3227 hibere
330 3160 457 3228 dicitur.

279 3274 494 3360 Inspiciamus
516 3275 656 3360 primum
673 3295 729 3337 eas
746 3275 908 3358 strophas,
931 3274 963 3336 in
984 3274 1100 3361 quibus
1119 3274 1330 3339 choriambici

194 3401 307 3444 versus
332 3384 365 3443 et
386 3378 483 3442 ionici
505 3378 618 3442 fortius
643 3399 681 3441 ac
704 3377 878 3442 dilucidius
902 3378 1046 3463 separati
1069 3384 1158 3441 sunt:

356 3516 527 3602 Sophoclis
551 3514 666 3601 Oedip.
691 3537 716 3580 r.
740 3516 909 3579 483-497
926 3546 966 3568 ---
984 3516 1154 3578 raa-512

194 3625 284 3697 δεινὰ
305 3628 365 3713 μὲν
387 3617 443 3694 οὖν
466 3622 556 3693 δεινὰ
578 3621 734 3712 ταράσσει
758 3620 863 3714 σοφὸς
886 3622 1095 3705 οἰωνοθέτας,
1279 3658 1325 3697 4⁸2

195 3728 268 3800 οὔτε
291 3724 433 3800 δοκοῦντ’
460 3725 524 3797 or'ic'
550 3723 795 3819 driorpdoaovd’·
826 3726 844 3795 ὅ
866 3756 898 3795 τι
921 3729 1002 3811 λέξω
1026 3724 1058 3795 δ’
1084 3722 1212 3815 ἀπορῶ.
1280 3762 1327 3803 4⁸5

195 3837 339 3921 πέτομαι
364 3829 396 3901 d'
423 3831 555 3900 ἐλπίσιν
578 3827 646 3899 olt'
673 3828 787 3900 baud
814 3834 896 3920 ὁρῶν
919 3827 983 3898 ott‘
1010 3827 1130 3899 ὀπίσω.

194 3938 228 4007 τί
250 3936 310 4027 γὰρ
333 3936 355 4029 ἢ
376 3935 611 4024 Λαβδακίδαις

194 4040 284 4135 diupi
311 4040 465 4129 Πολύβου
494 4046 598 4121 νεῖκος
627 4034 719 4107 ἔπειτ’
746 4034 819 4106 otte
846 4037 1011 4126 πάροιθέν
1039 4032 1113 4105 ποτ’
1140 4033 1228 4127 ἔγωγ’
1254 4032 1331 4107 oiivc

199 4231 217 4256 ῃ
409 4230 417 4252 x
465 4228 482 4254 υ
590 4227 598 4250 κ
705 4227 714 4250 Ι
1065 4168 1162 4209 cuvio
1184 4168 1240 4209 πω

196 4240 332 4325 spudeo,
356 4260 440 4320 προς
463 4257 539 4299 otoo
561 4232 601 4321 δη
625 4238 758 4318 βασανῳ
