3038 5010
624 325 907 423 ,Λή

279 537 361 602 Item
384 538 558 603 Herondas
581 539 628 606 IV
653 539 704 602 21.

403 641 624 729 άγαλμάτων·
649 645 701 721 τίς
725 637 802 734 ἦρα
824 643 883 734 τὴν
906 644 1005 710 λίθον
1028 641 1150 731 ταύτην

402 748 522 817 τέκτων
546 751 652 819 ἐποίει
679 807 736 818 ...
1271 820 1274 825 .

280 861 331 925 26.
370 860 505 925 Homeri
537 860 571 924 in
599 861 735 927 uocibus
766 843 983 935 άθάνᾶιος
1011 866 1044 925 01
1072 840 1287 942 άκάμάιος
1322 879 1415 925 usum

190 973 223 1031 et
253 966 374 1048 tragici
405 973 437 1032 et
468 968 584 1033 comici
616 974 811 1049 receperunt
821 967 862 1053 ¹):
899 955 1067 1049 άκάμαιος
1096 967 1134 1052 (α
1157 967 1334 1052 producta)
1366 966 1415 1032 in-

190 1074 321 1140 uenitur
345 1074 460 1140 Aesch.
475 1076 564 1139 Pers.
584 1076 646 1140 891
673 1073 838 1161 (dactyl.),
865 1075 921 1140 Ar.
939 1074 1023 1140 Nub.
1043 1074 1107 1139 286
1131 1073 1296 1158 (dactyl.);
1329 1060 1416 1140 doa-

190 1203 286 1255 ναιος
322 1181 489 1246 invenitur
523 1182 620 1263 Soph.
646 1182 758 1264 Antig.
787 1183 859 1264 787,
897 1182 953 1247 Ar.
978 1182 1039 1248 Av.
1068 1181 1152 1245 1224
1184 1180 1284 1265 (trim.
1302 1181 1415 1267 lamb.)

190 1288 272 1352 Ran.
291 1289 355 1352 629
387 1286 486 1371 (trim.
505 1289 628 1374 iamb.)‚
665 1289 817 1371 Amphid.
844 1288 886 1353 fr.
912 1291 963 1371 82,
992 1289 1028 1353 Π
1050 1309 1081 1370 p.
1101 1289 1179 1371 238,
1216 1288 1346 1353 Alexid.
1372 1287 1414 1352 fr.

193 1394 274 1462 roa
308 1378 341 1480 (a
367 1396 406 1459 fr.
428 1396 521 1477 1593,
548 1396 635 1482 nro),
667 1399 752 1462 nen.
780 1396 820 1460 n.
847 1397 948 1478 aeni,
979 1396 1032 1460 m
1055 1416 1086 1477 p.
1108 1389 1179 1461 rao.

279 1502 374 1582 Apud
386 1504 574 1570 Herondam
592 1506 766 1570 secundum
783 1505 910 1585 epicum
934 1523 1027 1569 usum
1044 1503 1143 1569 etiam
1160 1503 1267 1585 prima
1284 1503 1415 1587 syllaba

191 1609 281 1674 vocis
304 1607 402 1685 καλός
426 1613 518 1676 modo
547 1613 708 1692 producta
731 1613 825 1676 modo
849 1611 961 1678 brevis
986 1617 1051 1676 est:

311 1718 359 1783 IV
382 1719 434 1783 88.
469 1714 527 1784 σὺν
551 1715 712 1806 ἀνδράσιν
736 1718 790 1783 καὶ
815 1717 923 1784 παισί.
949 1757 991 1764 -
1015 1714 1167 1805 Κακκάλη
1191 1704 1307 1792 καλῶς.

314 1825 379 1892 VH
405 1826 477 1891 115.
510 1822 551 1890 τὰ
575 1815 671 1890 καλά
694 1807 804 1891 πάντα
827 1828 885 1912 τῇς
907 1808 1056 1913 κάλῇσιν
1079 1821 1227 1912 ἁρμόζει.

281 1951 331 2013 21.
365 1951 464 2015 lletri
488 1971 588 2016 causa
611 1956 729 2033 poetae
753 1951 853 2016 etiam
876 1971 935 2032 pro
960 1950 1085 2016 usitata
1109 1948 1216 2015 forma
1246 1945 1338 2013 ἕνεκα
1362 1949 1415 2016 vel

191 2052 322 2142 ἕνεκάν)
347 2077 505 2138 persaepe
529 2059 675 2125 Ionicam
701 2060 840 2123 formam
869 2055 976 2123 εἵνεκα
993 2056 1096 2144 [dm]
1122 2063 1155 2122 et
1178 2052 1294 2121 οὕνεκα
1312 2054 1413 2142 [-ε(ν)]

189 2171 380 2245 posuerunt,
421 2167 507 2245 quod
542 2167 641 2231 etiam
676 2167 708 2231 in
747 2166 1020 2248 inscriptionibus
1054 2164 1195 2246 poeticis
1230 2149 1415 2229 invenimus

191 2269 369 2354 (lleisterh.
395 2293 425 2353 p.
444 2274 506 2337 176
517 2273 574 2358 24):
600 2275 680 2338 Ach.
699 2275 774 2356 968,
798 2273 883 2339 Nub.
902 2274 932 2355 6,
951 2274 1025 2354 361,
1042 2273 1108 2337 422
1132 2278 1165 2337 et
1189 2290 1240 2352 qu.
1267 2290 1291 2336 s.
1309 2291 1335 2334 r.

278 2377 396 2443 Utrum
433 2387 551 2461 poetae
584 2387 753 2461 utramque
791 2381 930 2447 formam
965 2375 1072 2444 εἵνεκα
1108 2386 1140 2444 et
1171 2375 1287 2443 οὕνεκα
1322 2377 1415 2442 adhi-

190 2484 328 2567 buerint,
354 2506 397 2551 an
422 2488 560 2552 alteram
584 2494 712 2553 tantum
736 2487 885 2569 formam,
910 2508 983 2553 mea
1007 2487 1137 2568 quidem
1161 2470 1325 2552 Sententia
1348 2484 1415 2550 iam

190 2610 255 2655 non
271 2593 413 2659 discerni
425 2602 543 2676 potest,
567 2615 639 2660 cum
655 2596 752 2661 libris
769 2596 804 2659 in
819 2595 871 2661 his
887 2598 985 2661 rebus
1002 2595 1083 2660 fides
1098 2594 1215 2660 haberi
1230 2613 1295 2658 non
1310 2592 1416 2674 possit

191 2704 224 2762 et
246 2699 478 2782 inscriptiones
510 2705 621 2767 eodem
645 2709 791 2784 tempore
820 2709 991 2783 utramque
1021 2702 1159 2767 formam
1186 2703 1369 2782 praebeant
1379 2697 1414 2784 2).-

278 2807 427 2888 Denique
451 2809 666 2892 dipthongum
690 2833 725 2876 ει
749 2810 889 2892 legimus

339 2916 422 2981 Ran.
448 2918 522 2982 499.
555 2917 610 2982 καὶ
633 2915 760 3005 βλέψον
783 2915 832 2993 εἰς
854 2914 911 2982 τὸν
934 2912 1283 3005 Ἡρακλειοξανθίαν,

190 3020 245 3084 ubi
275 3017 590 3109 Ἡροκλεοξανθίαν
614 3030 842 3105 exspectamus
852 3022 886 3110 3).

278 3128 439 3194 Similiter
462 3131 584 3212 tragici
606 3131 705 3196 metri
729 3151 829 3197 causa
849 3148 1079 3211 nonnunquam
1103 3127 1249 3194 Ionicam
1275 3128 1414 3193 formam

189 3236 308 3315 ξεῖνος
329 3256 389 3317 pro
414 3234 514 3319 ξένος
538 3238 774 3304 adhibuerunt:

277 3341 373 3424 Soph.
402 3344 441 3408 fr.
469 3346 563 3414 7310.

402 3447 531 3538 πράξας
555 3451 589 3516 ἐν
604 3449 715 3538 ’Ἀργει
740 3456 858 3535 ξεῖνος
881 3447 1117 3532 ὢναίκίζεται.

277 3556 396 3622 Soslih.
422 3558 463 3622 fr.
490 3561 543 3628 212
569 3562 682 3642 11822
706 3561 745 3626 Ν.

402 3662 509 3746 χῶταν
533 3691 584 3742 τις
607 3664 690 3754 ἔλθῃ
715 3671 835 3750 ξεῖνος
858 3663 877 3754 ἢ
901 3665 1052 3754 νιαρεξίρ.

276 3771 456 3838 Praeterea
479 3775 563 3838 hanc
587 3773 727 3839 formam
750 3774 890 3856 legimus
914 3774 1012 3856 Soph.
1029 3774 1081 3838 El.
1108 3772 1297 3855 675,1119,
1333 3771 1411 3837 Oed.

190 3877 255 3943 Col.
282 3881 355 3961 174,
383 3881 455 3962 184,
481 3881 555 3963 636,
583 3883 677 3963 1096,
705 3883 789 3947 1119
815 3888 886 3963 etc,
925 3881 1075 3947 1100111.
1106 3881 1184 3961 247,
1224 3880 1295 3960 Iph.
1313 3878 1411 3944 Taur.

191 3985 263 4067 218,
290 3987 363 4068 225,
391 3988 453 4052 798
479 3995 537 4052 etc.
564 3987 620 4072 (cl.
645 3988 780 4053 Ellendt
803 3989 883 4053 Lex.
901 3988 998 4069 Soph.
1023 4008 1054 4069 p.
1073 3985 1160 4072 480).

280 4164 819 4233 1181.160000061101111001139,
859 4165 938 4218 Kock
961 4166 996 4218 ad
1020 4165 1089 4219 Ran.
1114 4164 1178 4230 629,
1219 4161 1334 4216 Schulze
1358 4162 1412 4218 l.c.

188 4268 213 4318 p.
228 4254 279 4305 142
298 4254 359 4309 adn.
376 4256 397 4308 1.

279 4344 298 4412 ²)
319 4344 360 4399 ef.
381 4345 531 4412 Wecklein,
559 4345 645 4397 Curae
665 4344 854 4411 epigraphicae
880 4360 904 4410 p.
919 4344 954 4397 36
965 4359 1020 4408 sqq.
1058 4341 1260 4410 Wackernagel
1286 4341 1319 4395 K.
1329 4341 1357 4395 Z.
1378 4339 1412 4393 28

188 4448 213 4498 p.
229 4433 278 4486 109
289 4448 345 4499 sqq.
383 4433 497 4487 Schulze
517 4435 533 4487 l.
548 4450 569 4486 c.
592 4450 616 4500 p.
632 4434 691 4490 135.

278 4522 299 4590 ³)
319 4522 360 4576 Of.
381 4524 480 4576 Kockii
499 4523 713 4577 adnotationem.
