3038 5010
660 310 871 372 ..31-

195 495 280 562 illud
300 496 449 582 quadrat,
480 496 568 584 quod
590 518 623 593 v,
638 501 700 564 320
724 518 839 584 aeque,
854 519 892 562 ae
914 500 1037 585 primus
1061 499 1195 564 schema
1216 557 1233 566 -
1246 556 1263 566 .
1276 539 1334 577 υ-,

194 659 211 668 -
225 642 309 669 ου.
331 602 364 666 iu
386 603 480 666 initio
501 602 648 689 praebet.
693 603 860 688 Deinoeps
884 604 983 668 etiam
1008 606 1158 669 versibus
1181 602 1334 689 strophae

196 709 216 768 9
245 710 278 769 et
306 711 340 769 ll
375 713 408 770 et
441 707 663 794 antistrophae
694 730 723 773 v.
758 710 777 771 9
814 751 1067 788 .........
1106 729 1164 795 pro
1197 707 1334 771 dimetro

194 816 297 895 poeta
326 810 482 876 adhibuit.
528 811 690 876 Convenit
719 812 871 898 strophae
900 818 968 876 tam
998 813 1101 877 libere
1133 812 1334 898 compositae

195 913 332 978 schema
346 973 362 981 -
375 933 415 981 ω
427 957 448 982 υ
460 975 476 983 -
492 917 523 980 in
543 917 667 981 duobus
689 917 769 981 eolis
790 916 924 981 diiambi
940 917 1047 981 loonm
1065 937 1245 1002 occupans:
1269 937 1299 981 v.
1316 919 1334 977 5
1408 978 1411 986 Ι

194 1024 230 1083 et
253 1021 272 1084 8
297 1020 518 1107 antistrophae
546 1015 702 1088 δεινότατ’
732 1014 811 1087 ἄπει
837 1021 842 1107 Ι
868 1038 998 1089 ΑΝ.
1022 1028 1055 1087 et
1078 1016 1161 1086 ἀλλὰ
1183 1016 1332 1103 πολέμου

193 1141 342 1203 mo„
381 1125 433 1188 oui
465 1131 604 1210 utroque
641 1127 713 1190 loeo
747 1127 780 1190 in
818 1125 953 1211 stropha
983 1126 1160 1211 respondet
1190 1143 1334 1192 aaa-.

193 1227 271 1302 Quo
296 1230 414 1294 collato
437 1237 470 1296 et
492 1231 598 1295 minus
624 1231 773 1295 soloseus
803 1229 968 1295 uidebitur
997 1250 1071 1295 esse
1100 1221 1250 1314 dactylus
1274 1251 1334 1314 pro

192 1332 306 1397 iambo
334 1332 510 1416 admissus,
543 1341 576 1399 et
605 1336 726 1420 optime
757 1335 912 1420 probatur
942 1336 1078 1399 formam
1105 1353 1241 1401 οσον-
1270 1356 1335 1398 uon

192 1436 376 1502 choriambi
404 1438 462 1503 sed
491 1439 625 1503 diiambi
656 1461 730 1504 esse
762 1439 972 1513 solutionem;
996 1455 1128 1507 ,σαψ
1152 1439 1252 1516 enim,
1284 1437 1336 1500 oui

192 1539 278 1603 illud
295 1542 479 1626 respondet,
503 1563 568 1607 nou
585 1544 726 1607 solutum
744 1564 818 1607 esse
841 1565 884 1606 ex
900 1601 916 1610 .
929 1584 979 1609 ου
992 1601 1007 1610 .
1031 1548 1178 1629 apparet.
1224 1541 1330 1627 Spon-

192 1641 279 1706 deus
308 1665 337 1708 v.
362 1646 424 1708 324
448 1663 487 1698 ε
513 1647 575 1709 338
607 1646 763 1732 producta
792 1651 931 1731 utraque
962 1645 1090 1730 syllaba
1119 1646 1218 1730 longa
1245 1693 1279 1708 r-
1302 1694 1336 1710 r.

190 1748 331 1813 diiambi
360 1749 431 1813 loeo
465 1756 560 1814 extra
594 1750 742 1814 ordinem
778 1750 1000 1835 adglutinatus
1035 1751 1068 1813 iu
1098 1749 1160 1814 hoe
1192 1750 1335 1813 carmine

189 1851 332 1916 liberius
356 1854 535 1938 composito
559 1855 665 1917 miuus
688 1851 824 1917 offendit
836 1852 873 1938 1).

459 2087 536 2153 nub.
560 2089 730 2151 suo-uss
754 2117 793 2141 =
823 2085 1069 2169 1024-10332)

217 2219 293 2281 XO.
316 2217 371 2282 νῦν
393 2214 535 2298 δείξετον
557 2214 603 2283 aul
626 2212 754 2283 πισύνω
776 2220 848 2295 τοῖς
870 2212 1085 2302 περιδεξίοισι
1287 2247 1333 2286 oro

312 2316 438 2407 λόγοισι
461 2321 518 2388 καί
541 2318 692 2411 φροντίσι
715 2320 772 2387 καί
795 2315 1025 2408 γνωμοτύποις
1046 2317 1228 2406 μερίμναις,

314 2417 473 2511 ὁπότερος
495 2418 609 2492 αὐτοῖν
630 2424 730 2512 λέγων
753 2417 894 2510 ἀμείνων
916 2419 1108 2513 φανήσεται.

315 2531 371 2593 νῦν
393 2524 453 2615 γὰρ
477 2524 569 2608 ἅπας
591 2525 712 2594 ἐνθάδε
734 2525 880 2606 κίνδυνος
902 2520 1028 2593 ἀνεῖται
1052 2524 1184 2616 σοφίας,
1286 2558 1332 2597 ιιι

314 2620 353 2721 ἧς
376 2631 453 2719 ’πέρι
475 2637 546 2711 τοῖς
568 2631 662 2717 ἐμοῖς
683 2629 795 2722 φίλοις
817 2630 906 2697 ἐστίν
928 2625 1015 2717 ἀγών
1036 2630 1199 2717 μέγιστος.

290 3137 329 3202 Iu
351 3137 413 3203 hao
438 3139 572 3225 stropha
596 3161 669 3204 cum
685 3140 802 3204 tertius
825 3158 950 3216 versus,
974 3136 1037 3221 qui,
1062 3136 1125 3199 nisi
1147 3142 1244 3200 tonan
1269 3144 1335 3200 sta-

203 3243 313 3324 tueris,
337 3242 485 3308 iambicis
502 3243 681 3328 exaequari
697 3265 762 3308 non
778 3247 897 3328 potest,
921 3240 1145 3304 difficultatem
1168 3241 1336 3325 praebeat,

203 3342 367 3430 Bergkius

451 3466 553 3556 λέγειν
574 3461 716 3554 ἀμείνων
738 3462 877 3552 πότερος
899 3458 1079 3553 φανήσεται

203 3697 379 3782 legendum
408 3717 481 3761 esse
516 3701 642 3770 censet3
676 3693 733 3760 sed
763 3693 879 3780 quibus
911 3691 1019 3755 verbis
1047 3712 1125 3754 usus
1157 3690 1198 3754 sit
1229 3695 1337 3775 poeta,

203 3802 260 3865 vix
288 3807 377 3867 certo
406 3803 525 3888 poterit
555 3798 736 3878 enucleari,
766 3819 838 3862 eum
868 3793 1091 3880 antistrophae
1121 3814 1234 3857 versus
1264 3813 1336 3857 eor-

203 3911 310 3970 rector
340 3905 495 3970 metricus
528 3904 575 3968 sio
606 3901 870 3988 interpolaverit,
903 3905 939 3962 ut
969 3902 1232 3981 exsequerentur
1262 3918 1335 3960 ver-

275 4113 295 4180 ¹)
313 4111 369 4167 vid.
389 4112 456 4168 Ood.
472 4129 519 4166 rex
537 4113 588 4166 493
602 4135 634 4158 --
649 4111 701 4166 503
720 4111 749 4164 et
766 4123 886 4176 eaquae
904 4122 988 4196 supra
1006 4104 1063 4158 dixi
1083 4104 1117 4157 de
1136 4103 1326 4172 Thesmophor

206 4199 335 4252 carminis
352 4199 435 4254 initio
454 4217 479 4253 v.
497 4201 548 4253 953
566 4217 593 4268 p.
612 4199 654 4252 22.

275 4288 296 4353 ²)
315 4286 470 4357 Westphul,
490 4287 536 4338 ll²
556 4304 582 4355 p.
602 4285 659 4346 736,
678 4284 737 4337 842.
