3038 5010
621 792 988 923 Argumentum

748 1004 852 1014 --—·

190 1146 222 1200 A.
250 1145 434 1197 Prooemium:
460 1143 500 1195 De
519 1145 601 1196 metri
619 1143 827 1210 impedimentis.

189 1253 219 1307 B.
247 1252 385 1317 Quomodo
404 1252 499 1305 comici
519 1253 599 1304 metri
617 1251 812 1318 impedimenta
831 1251 1029 1317 superaverint.

300 1358 320 1413 I.
349 1359 388 1412 De
408 1374 534 1413 sonorum
554 1357 750 1411 alternatione:

403 1469 426 1521 1.
456 1466 488 1519 de
508 1467 626 1532 synizesi
668 1507 1344 1525 ................

401 1556 425 1608 2..
456 1554 488 1607 de
507 1554 695 1608 contractione
714 1557 743 1607 et
762 1554 942 1609 distractione
979 1597 1343 1612 .........

403 1645 427 1698 3.
458 1644 492 1697 de
509 1643 622 1697 elisione
669 1685 1343 1702 ................

403 1735 427 1789 4,
456 1733 490 1786 dc
508 1728 587 1785 hiatu
624 1773 1343 1789 .................

402 1823 425 1876 5.
456 1821 488 1874 de
506 1820 646 1875 vocalibus
666 1825 731 1874 ante
750 1821 858 1875 vocales
877 1823 1010 1890 correptis
1070 1864 1298 1880 ......

403 1911 427 1965 6.
458 1910 490 1963 de
509 1909 632 1963 brevium
651 1910 787 1964 vocalium
805 1910 984 1980 productione
1026 1953 1343 1968 ........

402 2002 426 2053 7.
456 1999 488 2052 de
507 1999 642 2053 vocalium
660 2000 856 2066 productarum
875 2000 1046 2068 correptione
1070 2041 1342 2058 .......

402 2090 426 2143 8.
456 2089 489 2142 de
507 2088 678 2156 correptione
697 2089 793 2142 Attica
843 2130 848 2144 .
887 2133 893 2145 .
931 2131 937 2144 .
976 2131 982 2143 .
1020 2131 1026 2146 .
1066 2133 1071 2144 .
1110 2131 1116 2144 .
1156 2133 1161 2146 .
1199 2131 1206 2146 .
1244 2133 1250 2146 .
1289 2134 1294 2147 .
1334 2127 1342 2148 .-

402 2180 426 2232 9.
456 2178 489 2232 de
507 2179 710 2245 praepositione
728 2175 779 2238 ξύν
798 2176 842 2232 vel
861 2175 914 2232 σύν
978 2219 1161 2234 .....
1198 2219 1208 2235 ι.
1247 2222 1252 2235 .
1291 2221 1297 2236 .
1336 2222 1342 2237 .

286 2286 321 2341 ΙΙ.
349 2285 389 2338 De
407 2285 558 2339 formarum
578 2285 774 2338 alternatione:

403 2394 425 2446 1.
455 2391 488 2446 de
507 2391 738 2446 declinationibus

401 2481 426 2537 2.
456 2481 488 2534 de
507 2479 645 2535 adverbiis
667 2520 1342 2538 ................

401 2570 427 2626 3,
456 2569 489 2624 de
508 2571 702 2639 coniugatione
757 2610 1163 2627 ..........
1176 2610 1209 2625 ..
1248 2614 1253 2626 .
1292 2614 1297 2627 .
1337 2613 1342 2626 .

271 2677 323 2732 lli.
350 2678 390 2731 De
408 2677 489 2731 rebus
509 2678 681 2744 syntecticis:

408 2785 430 2839 1.
461 2784 493 2838 de
511 2785 632 2837 numeris
669 2825 1077 2840 ..........
1081 2817 1083 2820 -
1116 2825 1345 2841 ......

402 2874 426 2928 2.
456 2872 489 2927 de
507 2873 616 2941 generis
634 2888 686 2927 usn
706 2872 833 2927 liberiore
891 2914 1342 2930 ...........

400 2963 424 3015 3.
455 2962 487 3015 de
506 2963 710 3029 comparatione
757 3003 1341 3018 ..............

401 3053 425 3106 4.
456 3051 488 3104 de
507 3051 625 3104 articulo
667 3092 1251 3108 ..............
1280 3079 1295 3107 <.
1335 3093 1341 3107 .

401 3142 426 3194 5.
457 3140 489 3194 de
507 3140 713 3208 pronominibus
756 3180 1028 3196 .......
1052 3139 1055 3144 ’
1067 3181 1341 3197 .......

400 3231 425 3284 6.
455 3229 488 3282 de
506 3229 588 3284 verbo
621 3270 1341 3288 .................

400 3321 424 3372 7.
457 3319 490 3372 de
507 3318 621 3373 vocibus
640 3320 748 3373 omissis
802 3359 1297 3374 ............

399 3409 423 3461 8.
453 3409 485 3461 de
505 3408 632 3462 liberiore
650 3407 846 3462 vocabulorum
866 3408 1045 3462 collocatione
1068 3449 1341 3462 .......

274 3516 320 3568 IV.
349 3515 388 3568 De
407 3516 594 3569 trimetrorum
614 3515 746 3568 clausulis
799 3558 805 3570 .
844 3557 849 3568 .
889 3558 893 3569 .
933 3559 937 3567 .
1023 3558 1028 3569 .
1067 3558 1072 3568 .
1112 3557 1116 3567 .
1158 3557 1162 3567 .
1201 3556 1206 3566 .
1291 3556 1295 3567 .

290 3623 321 3677 V.
350 3623 389 3675 Ile
409 3624 487 3689 copia
506 3623 649 3677 verborum
669 3621 887 3676 observationes:

403 3730 426 3783 1.
456 3729 488 3782 de
507 3728 592 3782 variis
611 3729 723 3783 vocibus
743 3729 776 3783 ab
796 3729 890 3782 eadem
909 3729 995 3796 stirpe
1015 3729 1147 3782 derivatis
1202 3771 1206 3780 .
1245 3770 1251 3782 .
1291 3770 1294 3778 .
1336 3769 1340 3779 .

400 3820 424 3873 2.
455 3818 487 3870 de
507 3817 618 3871 vocibus
638 3835 655 3870 a
674 3818 791 3872 diversis
810 3817 943 3885 stirpibus
963 3818 1095 3871 derivatis
1158 3856 1341 3871 .....
1379 3814 1414 3869 48
