3038 5010
650 281 866 340 ..54-

189 474 286 553 poeta
305 468 415 532 lonico
439 489 551 531 versus
574 467 732 529 ionicus
755 486 874 531 nomon
894 467 1005 545 traxit,
1029 468 1176 550 quamvis
1192 472 1326 533 centum

189 573 253 635 iarn
277 573 369 636 annis
392 577 467 635 ante
493 570 563 634 eius
587 576 714 655 tempus
742 576 861 654 poetae
884 569 995 634 Dorici
1026 576 1059 635 et
1082 571 1209 635 Aeolici
1238 571 1327 657 pede

189 676 293 739 ionico
316 676 366 738 usi
390 675 455 738 sint
476 673 509 737 in
531 674 730 737 carminibus
751 669 993 759 componendis.
1041 674 1132 739 Inter
1156 696 1212 739 eos
1236 676 1326 739 enim

189 787 318 865 poetas,
349 781 403 863 qui
425 779 530 841 ionico
560 778 708 862 rhythmo
732 779 907 865 praecipue
937 779 1200 860 delectabantur,
1230 777 1326 843 Ana-

190 905 288 947 creon
309 883 350 948 ab
369 881 585 967 Aristophane
603 882 1326 968 commemoraturThesmophor.160-164:

689 1016 812 1104 σκέψαι
836 1013 864 1085 δ’
891 1015 941 1086 ὅτι

388 1116 519 1207 Ἴβυκος
541 1115 868 1209 &astruebantur
891 1124 908 1188 ὁ
935 1119 1035 1214 Τήιος

394 1219 538 1311 ἆρχαῖος,
564 1226 660 1310 οἳντερ
684 1219 842 1312 ἁρμονίαν
865 1222 1029 1312 ἐχύμισαν,

394 1325 629 1415 ἐμιτροφόρουν
651 1351 687 1394 τε
710 1327 766 1394 καὶ
790 1329 953 1395 διεκλῶντ’
969 1330 1123 1413 Ἰωνικῶς,

392 1433 449 1499 καὶ
476 1429 633 1520 Φρύνιχος
652 1483 762 1501 .....

275 1571 394 1636 Tribus
423 1574 501 1636 locis
528 1572 650 1636 ionicos
678 1573 779 1658 pedes
807 1595 880 1638 cunr
907 1575 1053 1639 iambicis
1082 1574 1198 1639 eodem
1225 1597 1328 1642 versu

190 1678 388 1744 consociavit
410 1678 596 1743 Anacreon:

697 1802 737 1867 fr.
761 1804 801 1865 47

330 1908 475 1999 Μεχαλῳ
498 1901 650 1999 ὄηυτε
615 1939 639 1997 μ
664 1906 768 2000 Ἐρως
791 1909 910 2000 ἔκοψεν
933 1909 1016 1980 ὥστε
1038 1910 1173 1997 χαλκεὺς

327 2013 467 2096 πελέκει,
490 2013 691 2102 χειμεριῃδ’
714 2012 883 2082 ἐλουσεν
867 2042 900 2083 εν
921 2013 1074 2106 χαράὸρῃ.

555 2757 696 2850 Θρῃκίην
718 2757 832 2828 σιόντα
853 2758 976 2850 χαίτην.

549 2891 725 2928 ι-Ι,υ-υ-
755 2892 776 2914 U

191 2968 244 3031 Fr.
262 2971 303 3032 49
326 2989 345 3030 a
368 2967 512 3052 Bergkio
536 2969 742 3032 coniunctum
764 2975 814 3033 cst
837 2990 910 3032 cum
933 2970 1216 3054 praecedentibus.
1254 2972 1326 3036 Ita-

114 3074 118 3083 '
193 3093 254 3155 que
287 3071 470 3157 suspicatus
501 3094 574 3136 esse
602 3072 730 3137 videtur
759 3072 807 3136 vir
835 3072 1041 3138 doctissimus
1073 3074 1177 3139 latero
1204 3075 1238 3139 in
1265 3077 1327 3141 hoc

192 3175 393 3259 fragments,
429 3174 514 3259 quod
548 3183 680 3261 propter
710 3197 825 3241 vocem
859 3172 973 3242 σίοντα
1006 3179 1123 3242 citatur
1154 3179 1187 3242 in
1215 3179 1326 3265 Etym.

192 3300 299 3363 magn.
325 3282 402 3359 714,
424 3282 474 3359 38,
499 3280 678 3344 clausulam
700 3302 815 3345 versus
843 3283 934 3361 talis,
966 3282 1078 3366 quales
1108 3288 1182 3346 sunt
1211 3282 1249 3349 fr.
1273 3287 1325 3349 47.

193 3385 249 3459 48;
281 3404 476 3468 quamquam
508 3383 750 3449 concedendum
775 3390 825 3449 est
856 3384 895 3450 de
925 3386 990 3449 alia
1017 3407 1143 3470 quoque
1173 3408 1327 3451 mensura

193 3488 329 3572 cogitari
351 3509 456 3573 posse.

277 3607 514 3693 Hephaestion,
538 3609 592 3693 qui
613 3631 644 3694 p.
662 3608 702 3672 39
718 3608 757 3673 fr.
773 3611 813 3672 47
834 3615 1075 3691 commemorat,
1098 3616 1326 3677 tetrametrum

192 3710 514 3795 brachycatalectum
535 3713 686 3797 appellat.
733 3711 827 3784 Quod
849 3712 936 3797 quid·
949 3713 1010 3777 sibi
1029 3714 1118 3793 velit,
1149 3716 1325 3781 nonfacile

192 3815 382 3899 intellegas,
406 3816 469 3878 nisi
491 3816 644 3902 inspicias
670 3816 770 3882 schol.
792 3816 824 3880 A
846 3816 887 3881 ad
910 3817 1091 3902 Hephaest.
1114 3839 1144 3904 p.
1171 3821 1247 3897 195,
1270 3820 1327 3905 qui

193 3919 244 3982 his
275 3918 384 3982 verbis
418 3924 546 3982 textum
575 3919 834 4005 Hephaestionis
867 3922 1025 4006 explicat:
1064 3920 1176 3985 Tabae
1202 3919 1262 4006 μὲν
1289 3920 1328 4005 ἐξ

194 4016 368 4104 ἐπιμιξίας
401 4017 485 4087 εἰσὶν
518 4017 729 4106 ἀνακλώμενα
759 4018 1057 4110 βραχυκατάληκτα.
1104 4016 1235 4105 ’Ἔχουσι
1265 4020 1326 4113 γὰρ

193 4119 252 4212 τὴν
274 4118 410 4210 ἐσχάτην
431 4124 491 4188 τοῦ
514 4120 645 4190 ἐωνικοῦ
667 4127 822 4211 βραχεῖαν
850 4118 922 4190 ἀντὶ
944 4126 1082 4212 μακρᾶς.
1127 4121 1267 4216 Εἴρηται
1288 4126 1327 4195 δέ

194 4224 266 4293 κατ’
289 4220 397 4315 ἀρχὴν,
421 4222 471 4293 ὅτι
495 4223 573 4294 ὅταν
595 4224 810 4317 ἐπιμίσχηται
825 4230 866 4316 τῇ
883 4230 1047 4319 τροχαὶκῇ,
1071 4224 1240 4326 πάντωςὴ
1257 4226 1325 4322 πρὸ
