<?xml version="1.0" encoding="UTF-8"?>
<!DOCTYPE html PUBLIC "-//W3C//DTD XHTML 1.0 Transitional//EN"
    "http://www.w3.org/TR/xhtml1/DTD/xhtml1-transitional.dtd">
<html xmlns="http://www.w3.org/1999/xhtml" xml:lang="en" lang="en">
 <head>
  <title>
</title>
<meta http-equiv="Content-Type" content="text/html;charset=utf-8" />
  <meta name='ocr-system' content='tesseract 3.04.00' />
  <meta name='ocr-capabilities' content='ocr_page ocr_carea ocr_par ocr_line ocrx_word'/>
</head>
<body>
  <div class='ocr_page' id='page_1' title='image "./deversumdochmia00pickgoog_0153.png"; bbox 0 0 3038 5010; ppageno 0'>
   <div class='ocr_carea' id='block_1_1' title="bbox 649 286 1317 349">
    <p class='ocr_par' dir='ltr' id='par_1_1' title="bbox 649 286 1317 349">
     <span class='ocr_line' id='line_1_1' title="bbox 649 286 1317 349; baseline 0.004 -1"><span class='ocrx_word' id='word_1_1' title='bbox 649 286 862 349; x_wconf 82' lang='lat' dir='ltr'>-ss-</span> <span class='ocrx_word' id='word_1_2' title='bbox 1302 288 1317 325; x_wconf 53' lang='lat' dir='ltr'>i</span> 
     </span>
    </p>
   </div>
   <div class='ocr_carea' id='block_1_2' title="bbox 188 473 1323 662">
    <p class='ocr_par' dir='ltr' id='par_1_2' title="bbox 188 473 1323 662">
     <span class='ocr_line' id='line_1_2' title="bbox 188 473 1323 563; baseline 0.004 -27"><span class='ocrx_word' id='word_1_3' title='bbox 188 496 229 537; x_wconf 88' lang='lat' dir='ltr'>ne</span> <span class='ocrx_word' id='word_1_4' title='bbox 270 475 301 536; x_wconf 92' lang='lat' dir='ltr'>in</span> <span class='ocrx_word' id='word_1_5' title='bbox 337 474 448 558; x_wconf 91' lang='lat' dir='ltr'>primis</span> <span class='ocrx_word' id='word_1_6' title='bbox 480 473 611 557; x_wconf 90' lang='lat' dir='ltr'>quidem</span> <span class='ocrx_word' id='word_1_7' title='bbox 641 475 789 538; x_wconf 89' lang='lat' dir='ltr'>versibus</span> <span class='ocrx_word' id='word_1_8' title='bbox 813 475 900 538; x_wconf 87' lang='lat' dir='ltr'>aliud</span> <span class='ocrx_word' id='word_1_9' title='bbox 930 482 1069 539; x_wconf 89' lang='lat' dir='ltr'>metrum</span> <span class='ocrx_word' id='word_1_10' title='bbox 1101 498 1198 560; x_wconf 84' lang='lat' dir='ltr'>quem</span> <span class='ocrx_word' id='word_1_11' title='bbox 1230 476 1323 563; x_wconf 83' lang='lat' dir='ltr'>loga·</span> 
     </span>
     <span class='ocr_line' id='line_1_3' title="bbox 188 577 877 662; baseline 0.004 -22"><span class='ocrx_word' id='word_1_12' title='bbox 188 577 337 641; x_wconf 86' lang='lat' dir='ltr'>ecdicum</span> <span class='ocrx_word' id='word_1_13' title='bbox 369 578 478 641; x_wconf 87' lang='lat' dir='ltr'>inesse</span> <span class='ocrx_word' id='word_1_14' title='bbox 503 582 599 641; x_wconf 90' lang='lat' dir='ltr'>erunt</span> <span class='ocrx_word' id='word_1_15' title='bbox 622 578 675 662; x_wconf 92' lang='lat' dir='ltr'>qui</span> <span class='ocrx_word' id='word_1_16' title='bbox 699 585 877 643; x_wconf 80' lang='lat' dir='ltr'>autument.</span> 
     </span>
    </p>
   </div>
   <div class='ocr_carea' id='block_1_3' title="bbox 185 716 1348 1744">
    <p class='ocr_par' dir='ltr' id='par_1_3' title="bbox 185 716 1348 1744">
     <span class='ocr_line' id='line_1_4' title="bbox 485 716 1017 803; baseline 0.008 -25"><span class='ocrx_word' id='word_1_17' title='bbox 485 716 606 780; x_wconf 81' lang='lat' dir='ltr'>Bacch.</span> <span class='ocrx_word' id='word_1_18' title='bbox 633 720 758 781; x_wconf 77' lang='lat'><strong>72-87</strong></span> <span class='ocrx_word' id='word_1_19' title='bbox 777 750 816 771; x_wconf 92' lang='lat'><strong><em>=</em></strong></span> <span class='ocrx_word' id='word_1_20' title='bbox 834 720 982 783; x_wconf 78' lang='lat'>88--104</span> <span class='ocrx_word' id='word_1_21' title='bbox 994 720 1017 803; x_wconf 80' lang='lat'>¹)</span> 
     </span>
     <span class='ocr_line' id='line_1_5' title="bbox 189 817 1325 917; baseline 0.006 -26"><span class='ocrx_word' id='word_1_22' title='bbox 189 817 214 891; x_wconf 81' lang='grc' dir='ltr'><em>ὦ</em></span> <span class='ocrx_word' id='word_1_23' title='bbox 236 822 354 912; x_wconf 83' lang='grc' dir='ltr'><em>μάκαρ,</em></span> <span class='ocrx_word' id='word_1_24' title='bbox 380 822 471 905; x_wconf 79' lang='grc' dir='ltr'><strong><em>ὅστις</em></strong></span> <span class='ocrx_word' id='word_1_25' title='bbox 492 819 656 910; x_wconf 77' lang='grc' dir='ltr'><strong><em>εόόαίμων</em></strong></span> <span class='ocrx_word' id='word_1_26' title='bbox 670 823 800 906; x_wconf 87' lang='grc' dir='ltr'><strong><em>τελετάς</em></strong></span> <span class='ocrx_word' id='word_1_27' title='bbox 815 831 903 895; x_wconf 79' lang='grc' dir='ltr'><strong><em>θεῶν</em></strong></span> <span class='ocrx_word' id='word_1_28' title='bbox 918 825 1014 909; x_wconf 75' lang='grc' dir='ltr'><strong><em>εἰδοὺς</em></strong></span> <span class='ocrx_word' id='word_1_29' title='bbox 1028 826 1144 916; x_wconf 84' lang='grc' dir='ltr'><strong><em>βιοτὰν</em></strong></span> <span class='ocrx_word' id='word_1_30' title='bbox 1160 826 1325 917; x_wconf 70' lang='grc' dir='ltr'><strong><em>ἁγιστεύει</em></strong></span> 
     </span>
     <span class='ocr_line' id='line_1_6' title="bbox 189 924 1325 1021; baseline 0.005 -27"><span class='ocrx_word' id='word_1_31' title='bbox 189 929 244 994; x_wconf 84' lang='grc' dir='ltr'><strong><em>καὶ</em></strong></span> <span class='ocrx_word' id='word_1_32' title='bbox 279 924 470 995; x_wconf 70' lang='grc' dir='ltr'><strong><em>θιασεύεται</em></strong></span> <span class='ocrx_word' id='word_1_33' title='bbox 505 925 626 1016; x_wconf 74' lang='grc' dir='ltr'><strong><em>ψυχὰν,</em></strong></span> <span class='ocrx_word' id='word_1_34' title='bbox 660 929 693 996; x_wconf 75' lang='grc' dir='ltr'>ἐν</span> <span class='ocrx_word' id='word_1_35' title='bbox 726 925 836 1018; x_wconf 88' lang='grc' dir='ltr'><strong><em>όρεοοι</em></strong></span> <span class='ocrx_word' id='word_1_36' title='bbox 864 929 1031 1017; x_wconf 75' lang='grc' dir='ltr'><strong><em>βακχεύων</em></strong></span> <span class='ocrx_word' id='word_1_37' title='bbox 1058 931 1164 1013; x_wconf 87' lang='grc' dir='ltr'><strong><em>ὁσίοις</em></strong></span> <span class='ocrx_word' id='word_1_38' title='bbox 1193 939 1325 1021; x_wconf 86' lang='grc' dir='ltr'><strong><em>καθαρ-</em></strong></span> 
     </span>
     <span class='ocr_line' id='line_1_7' title="bbox 1069 1041 1320 1122; baseline 0.02 -19"><span class='ocrx_word' id='word_1_39' title='bbox 1069 1041 1198 1122; x_wconf 87' lang='grc' dir='ltr'><strong><em>μοῖσιν·</em></strong></span> <span class='ocrx_word' id='word_1_40' title='bbox 1232 1069 1320 1110; x_wconf 77' lang='lat' dir='ltr'>rs-rr</span> 
     </span>
     <span class='ocr_line' id='line_1_8' title="bbox 292 1130 1204 1225; baseline 0.005 -23"><span class='ocrx_word' id='word_1_41' title='bbox 292 1132 334 1202; x_wconf 91' lang='grc' dir='ltr'><strong><em>τά</em></strong></span> <span class='ocrx_word' id='word_1_42' title='bbox 355 1161 391 1203; x_wconf 85' lang='grc' dir='ltr'>τε</span> <span class='ocrx_word' id='word_1_43' title='bbox 413 1131 537 1222; x_wconf 82' lang='grc' dir='ltr'><strong><em>ματρὸς</em></strong></span> <span class='ocrx_word' id='word_1_44' title='bbox 557 1132 701 1221; x_wconf 89' lang='grc' dir='ltr'><strong><em>μεγάλας</em></strong></span> <span class='ocrx_word' id='word_1_45' title='bbox 723 1130 817 1223; x_wconf 86' lang='grc' dir='ltr'><strong><em>όργια</em></strong></span> <span class='ocrx_word' id='word_1_46' title='bbox 840 1138 990 1225; x_wconf 76' lang='grc' dir='ltr'><strong><em>Κυβέλας</em></strong></span> <span class='ocrx_word' id='word_1_47' title='bbox 1011 1135 1204 1224; x_wconf 88' lang='grc' dir='ltr'><strong><em>θεμιτεόων,</em></strong></span> 
     </span>
     <span class='ocr_line' id='line_1_9' title="bbox 293 1234 1320 1332; baseline 0.013 -28"><span class='ocrx_word' id='word_1_48' title='bbox 293 1234 359 1312; x_wconf 80' lang='grc' dir='ltr'>ἀνά,</span> <span class='ocrx_word' id='word_1_49' title='bbox 376 1236 502 1325; x_wconf 78' lang='grc' dir='ltr'><strong><em>θύρσον</em></strong></span> <span class='ocrx_word' id='word_1_50' title='bbox 523 1264 558 1306; x_wconf 88' lang='grc' dir='ltr'>τε</span> <span class='ocrx_word' id='word_1_51' title='bbox 580 1235 741 1306; x_wconf 73' lang='grc' dir='ltr'><strong><em>τινάσσειν</em></strong></span> <span class='ocrx_word' id='word_1_52' title='bbox 763 1245 869 1330; x_wconf 72' lang='grc' dir='ltr'><strong><em>κισσῷ</em></strong></span> <span class='ocrx_word' id='word_1_53' title='bbox 890 1268 925 1310; x_wconf 88' lang='grc' dir='ltr'>τε</span> <span class='ocrx_word' id='word_1_54' title='bbox 948 1243 1175 1332; x_wconf 75' lang='grc' dir='ltr'><strong><em>στεφανωθεὶς</em></strong></span> <span class='ocrx_word' id='word_1_55' title='bbox 1289 1279 1320 1317; x_wconf 82' lang='lat' dir='ltr'>so</span> 
     </span>
     <span class='ocr_line' id='line_1_10' title="bbox 292 1339 665 1430; baseline 0 -20"><span class='ocrx_word' id='word_1_56' title='bbox 292 1340 453 1410; x_wconf 78' lang='grc' dir='ltr'><strong><em>Διόνυσον</em></strong></span> <span class='ocrx_word' id='word_1_57' title='bbox 475 1339 665 1430; x_wconf 73' lang='grc' dir='ltr'><strong><em>θεραπεύει.</em></strong></span> 
     </span>
     <span class='ocr_line' id='line_1_11' title="bbox 292 1442 1230 1533; baseline 0.004 -20"><span class='ocrx_word' id='word_1_58' title='bbox 292 1443 342 1513; x_wconf 78' lang='grc' dir='ltr'>ἴτε</span> <span class='ocrx_word' id='word_1_59' title='bbox 364 1443 494 1532; x_wconf 81' lang='grc' dir='ltr'><strong><em>βάκχαι,</em></strong></span> <span class='ocrx_word' id='word_1_60' title='bbox 518 1442 567 1512; x_wconf 82' lang='grc' dir='ltr'>ἴτε</span> <span class='ocrx_word' id='word_1_61' title='bbox 590 1442 719 1531; x_wconf 91' lang='grc' dir='ltr'><strong><em>βάκχαι,</em></strong></span> <span class='ocrx_word' id='word_1_62' title='bbox 744 1444 890 1533; x_wconf 86' lang='grc' dir='ltr'><strong><em>Βρόμιον</em></strong></span> <span class='ocrx_word' id='word_1_63' title='bbox 912 1451 1021 1515; x_wconf 76' lang='grc' dir='ltr'><strong><em>παῖδα</em></strong></span> <span class='ocrx_word' id='word_1_64' title='bbox 1045 1445 1124 1518; x_wconf 86' lang='grc' dir='ltr'><strong><em>θεόν</em></strong></span> <span class='ocrx_word' id='word_1_65' title='bbox 1145 1454 1230 1519; x_wconf 79' lang='grc' dir='ltr'><strong><em>θεοῦ</em></strong></span> 
     </span>
     <span class='ocr_line' id='line_1_12' title="bbox 293 1546 1321 1638; baseline 0.001 -21"><span class='ocrx_word' id='word_1_66' title='bbox 293 1547 452 1617; x_wconf 56' lang='grc' dir='ltr'><strong><em>Διόνυσον</em></strong></span> <span class='ocrx_word' id='word_1_67' title='bbox 474 1546 676 1637; x_wconf 75' lang='grc' dir='ltr'><strong><em>κατάγουσαι</em></strong></span> <span class='ocrx_word' id='word_1_68' title='bbox 701 1548 851 1638; x_wconf 77' lang='grc' dir='ltr'><strong><em>Φρυγίων</em></strong></span> <span class='ocrx_word' id='word_1_69' title='bbox 873 1551 908 1632; x_wconf 77' lang='grc' dir='ltr'>ἐξ</span> <span class='ocrx_word' id='word_1_70' title='bbox 931 1546 1030 1638; x_wconf 84' lang='grc' dir='ltr'><strong><em>ὀρέων</em></strong></span> <span class='ocrx_word' id='word_1_71' title='bbox 1292 1589 1321 1627; x_wconf 62' lang='lat'>⁸³</span> 
     </span>
     <span class='ocr_line' id='line_1_13' title="bbox 185 1649 1348 1744; baseline 0 -20"><span class='ocrx_word' id='word_1_72' title='bbox 185 1654 346 1736; x_wconf 68' lang='grc' dir='ltr'><strong><em>Ἑλλάδος</em></strong></span> <span class='ocrx_word' id='word_1_73' title='bbox 368 1653 415 1735; x_wconf 81' lang='grc' dir='ltr'><strong><em>εἰς</em></strong></span> <span class='ocrx_word' id='word_1_74' title='bbox 437 1650 627 1742; x_wconf 72' lang='grc' dir='ltr'><strong><em>εὐρυχόρους</em></strong></span> <span class='ocrx_word' id='word_1_75' title='bbox 650 1649 774 1742; x_wconf 82' lang='grc' dir='ltr'><strong><em>ἀγυιάς,</em></strong></span> <span class='ocrx_word' id='word_1_76' title='bbox 798 1651 855 1723; x_wconf 84' lang='grc' dir='ltr'><strong><em>τὸν</em></strong></span> <span class='ocrx_word' id='word_1_77' title='bbox 877 1653 1036 1744; x_wconf 81' lang='grc' dir='ltr'><strong><em>Βρόμιον·</em></strong></span> <span class='ocrx_word' id='word_1_78' title='bbox 1289 1694 1320 1733; x_wconf 69' lang='lat'>⁸7</span> <span class='ocrx_word' id='word_1_79' title='bbox 1344 1698 1348 1706; x_wconf 93' lang='lat'><em>·</em></span> 
     </span>
    </p>
   </div>
   <div class='ocr_carea' id='block_1_4' title="bbox 179 2384 1331 4028">
    <p class='ocr_par' dir='ltr' id='par_1_4' title="bbox 179 2384 1331 4028">
     <span class='ocr_line' id='line_1_14' title="bbox 192 2384 1327 2473; baseline 0.001 -21"><span class='ocrx_word' id='word_1_80' title='bbox 192 2388 435 2453; x_wconf 90' lang='lat' dir='ltr'>Discernendae</span> <span class='ocrx_word' id='word_1_81' title='bbox 470 2393 545 2452; x_wconf 89' lang='lat' dir='ltr'>sunt</span> <span class='ocrx_word' id='word_1_82' title='bbox 578 2393 645 2452; x_wconf 91' lang='lat' dir='ltr'>tres</span> <span class='ocrx_word' id='word_1_83' title='bbox 681 2392 807 2473; x_wconf 88' lang='lat' dir='ltr'>partes:</span> <span class='ocrx_word' id='word_1_84' title='bbox 847 2384 878 2471; x_wconf 86' lang='lat'>1)</span> <span class='ocrx_word' id='word_1_85' title='bbox 907 2386 1125 2451; x_wconf 86' lang='lat' dir='ltr'>choriambiea</span> <span class='ocrx_word' id='word_1_86' title='bbox 1158 2389 1201 2453; x_wconf 84' lang='lat' dir='ltr'>ab</span> <span class='ocrx_word' id='word_1_87' title='bbox 1234 2389 1327 2454; x_wconf 91' lang='lat' dir='ltr'>initio</span> 
     </span>
     <span class='ocr_line' id='line_1_15' title="bbox 192 2483 1326 2578; baseline 0 -22"><span class='ocrx_word' id='word_1_88' title='bbox 192 2514 296 2577; x_wconf 89' lang='lat' dir='ltr'>usque</span> <span class='ocrx_word' id='word_1_89' title='bbox 324 2493 365 2555; x_wconf 88' lang='lat' dir='ltr'>ad</span> <span class='ocrx_word' id='word_1_90' title='bbox 387 2495 626 2578; x_wconf 87' lang='grc' dir='ltr'><strong><em>καθαρμοῖσιν,</em></strong></span> <span class='ocrx_word' id='word_1_91' title='bbox 658 2493 690 2556; x_wconf 88' lang='lat' dir='ltr'>in</span> <span class='ocrx_word' id='word_1_92' title='bbox 712 2491 846 2577; x_wconf 87' lang='lat' dir='ltr'>stropha</span> <span class='ocrx_word' id='word_1_93' title='bbox 869 2483 912 2554; x_wconf 55' lang='lat' dir='ltr'>et¹</span> <span class='ocrx_word' id='word_1_94' title='bbox 932 2490 965 2554; x_wconf 89' lang='lat' dir='ltr'>in</span> <span class='ocrx_word' id='word_1_95' title='bbox 988 2489 1194 2577; x_wconf 77' lang='lat' dir='ltr'><strong>antistropha</strong></span> <span class='ocrx_word' id='word_1_96' title='bbox 1223 2493 1326 2557; x_wconf 88' lang='lat' dir='ltr'>inter-</span> 
     </span>
     <span class='ocr_line' id='line_1_16' title="bbox 192 2593 1327 2681; baseline 0.002 -22"><span class='ocrx_word' id='word_1_97' title='bbox 192 2597 367 2681; x_wconf 79' lang='lat' dir='ltr'>punctione</span> <span class='ocrx_word' id='word_1_98' title='bbox 397 2596 546 2681; x_wconf 86' lang='lat' dir='ltr'>graviore</span> <span class='ocrx_word' id='word_1_99' title='bbox 575 2618 595 2660; x_wconf 86' lang='lat' dir='ltr'>a</span> <span class='ocrx_word' id='word_1_100' title='bbox 624 2596 781 2681; x_wconf 85' lang='lat' dir='ltr'>proximis</span> <span class='ocrx_word' id='word_1_101' title='bbox 814 2593 962 2659; x_wconf 82' lang='lat' dir='ltr'>versibus</span> <span class='ocrx_word' id='word_1_102' title='bbox 997 2593 1110 2659; x_wconf 87' lang='lat' dir='ltr'>ionicis</span> <span class='ocrx_word' id='word_1_103' title='bbox 1141 2602 1327 2681; x_wconf 82' lang='lat' dir='ltr'>segregata.</span> 
     </span>
     <span class='ocr_line' id='line_1_17' title="bbox 193 2698 1330 2789; baseline 0 -25"><span class='ocrx_word' id='word_1_104' title='bbox 193 2700 300 2764; x_wconf 84' lang='lat' dir='ltr'>Valde</span> <span class='ocrx_word' id='word_1_105' title='bbox 332 2699 504 2763; x_wconf 90' lang='lat' dir='ltr'>inusitatus</span> <span class='ocrx_word' id='word_1_106' title='bbox 537 2706 588 2764; x_wconf 86' lang='lat' dir='ltr'>est</span> <span class='ocrx_word' id='word_1_107' title='bbox 617 2698 821 2764; x_wconf 82' lang='lat' dir='ltr'>choriambus</span> <span class='ocrx_word' id='word_1_108' title='bbox 849 2719 921 2761; x_wconf 90' lang='lat' dir='ltr'>cum</span> <span class='ocrx_word' id='word_1_109' title='bbox 945 2739 1023 2765; x_wconf 66' lang='grc' dir='ltr'>ο.-</span> <span class='ocrx_word' id='word_1_110' title='bbox 1047 2703 1164 2784; x_wconf 86' lang='lat' dir='ltr'>quater</span> <span class='ocrx_word' id='word_1_111' title='bbox 1192 2704 1225 2763; x_wconf 89' lang='lat' dir='ltr'>et</span> <span class='ocrx_word' id='word_1_112' title='bbox 1252 2720 1330 2789; x_wconf 85' lang='lat' dir='ltr'>cum</span> 
     </span>
     <span class='ocr_line' id='line_1_18' title="bbox 179 2801 1328 2887; baseline -0.001 -17"><span class='ocrx_word' id='word_1_113' title='bbox 179 2846 290 2871; x_wconf 68' lang='grc'><strong><em>.....</em></strong></span> <span class='ocrx_word' id='word_1_114' title='bbox 305 2803 355 2867; x_wconf 89' lang='lat' dir='ltr'>bis</span> <span class='ocrx_word' id='word_1_115' title='bbox 373 2802 574 2867; x_wconf 87' lang='lat' dir='ltr'>coniunctus.</span> <span class='ocrx_word' id='word_1_116' title='bbox 609 2846 629 2869; x_wconf 68' lang='grc' dir='ltr'><strong><em>ο</em></strong></span> <span class='ocrx_word' id='word_1_117' title='bbox 643 2862 658 2870; x_wconf 87' lang='grc'><strong>,</strong></span> <span class='ocrx_word' id='word_1_118' title='bbox 672 2861 688 2869; x_wconf 93' lang='grc'><strong>-</strong></span> <span class='ocrx_word' id='word_1_119' title='bbox 702 2859 718 2867; x_wconf 92' lang='grc'><strong>-</strong></span> <span class='ocrx_word' id='word_1_120' title='bbox 734 2801 810 2887; x_wconf 92' lang='lat' dir='ltr'>quid</span> <span class='ocrx_word' id='word_1_121' title='bbox 827 2801 869 2865; x_wconf 91' lang='lat' dir='ltr'>sit</span> <span class='ocrx_word' id='word_1_122' title='bbox 885 2801 1005 2882; x_wconf 80' lang='lat' dir='ltr'>nescio,</span> <span class='ocrx_word' id='word_1_123' title='bbox 1022 2801 1085 2865; x_wconf 92' lang='lat' dir='ltr'>nisi</span> <span class='ocrx_word' id='word_1_124' title='bbox 1100 2801 1184 2866; x_wconf 86' lang='lat' dir='ltr'>forte</span> <span class='ocrx_word' id='word_1_125' title='bbox 1201 2803 1328 2885; x_wconf 85' lang='lat' dir='ltr'>credas,</span> 
     </span>
     <span class='ocr_line' id='line_1_19' title="bbox 194 2904 1329 2992; baseline 0.004 -22"><span class='ocrx_word' id='word_1_126' title='bbox 194 2914 230 2970; x_wconf 92' lang='lat' dir='ltr'>ut</span> <span class='ocrx_word' id='word_1_127' title='bbox 253 2907 293 2970; x_wconf 92' lang='lat' dir='ltr'>ab</span> <span class='ocrx_word' id='word_1_128' title='bbox 316 2905 477 2992; x_wconf 81' lang='lat' dir='ltr'>Eupolide</span> <span class='ocrx_word' id='word_1_129' title='bbox 499 2906 538 2972; x_wconf 87' lang='lat' dir='ltr'>fr.</span> <span class='ocrx_word' id='word_1_130' title='bbox 556 2908 727 2969; x_wconf 75' lang='lat' dir='ltr'>reo-292</span> <span class='ocrx_word' id='word_1_131' title='bbox 749 2906 782 2969; x_wconf 95' lang='lat' dir='ltr'>in</span> <span class='ocrx_word' id='word_1_132' title='bbox 805 2904 963 2991; x_wconf 90' lang='lat' dir='ltr'>epionicis</span> <span class='ocrx_word' id='word_1_133' title='bbox 987 2904 1069 2968; x_wconf 92' lang='lat' dir='ltr'>haec</span> <span class='ocrx_word' id='word_1_134' title='bbox 1091 2906 1196 2969; x_wconf 86' lang='lat' dir='ltr'>forma</span> <span class='ocrx_word' id='word_1_135' title='bbox 1216 2936 1238 2971; x_wconf 76' lang='grc' dir='ltr'>ῡ</span> <span class='ocrx_word' id='word_1_136' title='bbox 1251 2964 1266 2974; x_wconf 93' lang='grc'>.</span> <span class='ocrx_word' id='word_1_137' title='bbox 1281 2964 1298 2973; x_wconf 91' lang='grc'>-</span> <span class='ocrx_word' id='word_1_138' title='bbox 1312 2964 1329 2974; x_wconf 93' lang='grc'>.</span> 
     </span>
     <span class='ocr_line' id='line_1_20' title="bbox 195 3008 1329 3096; baseline 0 -21"><span class='ocrx_word' id='word_1_139' title='bbox 195 3011 333 3096; x_wconf 91' lang='lat' dir='ltr'>pedibus</span> <span class='ocrx_word' id='word_1_140' title='bbox 367 3009 481 3073; x_wconf 92' lang='lat' dir='ltr'>ionicis</span> <span class='ocrx_word' id='word_1_141' title='bbox 518 3009 664 3095; x_wconf 85' lang='lat' dir='ltr'>praefixa</span> <span class='ocrx_word' id='word_1_142' title='bbox 700 3016 751 3072; x_wconf 88' lang='lat' dir='ltr'>est</span> <span class='ocrx_word' id='word_1_143' title='bbox 784 3009 839 3092; x_wconf 84' lang='lat' dir='ltr'>(ef.</span> <span class='ocrx_word' id='word_1_144' title='bbox 871 3031 903 3094; x_wconf 89' lang='lat' dir='ltr'>p.</span> <span class='ocrx_word' id='word_1_145' title='bbox 929 3010 968 3072; x_wconf 85' lang='grc'>76</span> <span class='ocrx_word' id='word_1_146' title='bbox 980 3008 1058 3093; x_wconf 81' lang='lat' dir='ltr'>sq.)‚</span> <span class='ocrx_word' id='word_1_147' title='bbox 1087 3008 1133 3073; x_wconf 86' lang='lat' dir='ltr'>ita</span> <span class='ocrx_word' id='word_1_148' title='bbox 1162 3009 1224 3073; x_wconf 94' lang='lat' dir='ltr'>hoc</span> <span class='ocrx_word' id='word_1_149' title='bbox 1254 3011 1329 3075; x_wconf 91' lang='lat' dir='ltr'>loco</span> 
     </span>
     <span class='ocr_line' id='line_1_21' title="bbox 196 3112 1328 3199; baseline 0.001 -21"><span class='ocrx_word' id='word_1_150' title='bbox 196 3115 374 3178; x_wconf 85' lang='lat' dir='ltr'>clausulam</span> <span class='ocrx_word' id='word_1_151' title='bbox 392 3113 651 3177; x_wconf 90' lang='lat' dir='ltr'>choriamborum</span> <span class='ocrx_word' id='word_1_152' title='bbox 671 3112 819 3199; x_wconf 80' lang='lat' dir='ltr'>Euripidi</span> <span class='ocrx_word' id='word_1_153' title='bbox 838 3113 1001 3198; x_wconf 85' lang='lat' dir='ltr'>placuisse</span> <span class='ocrx_word' id='word_1_154' title='bbox 1018 3113 1051 3176; x_wconf 96' lang='lat' dir='ltr'>in</span> <span class='ocrx_word' id='word_1_155' title='bbox 1069 3153 1090 3179; x_wconf 71' lang='lat' dir='ltr'>o</span> <span class='ocrx_word' id='word_1_156' title='bbox 1103 3171 1119 3180; x_wconf 92' lang='lat'><em>.</em></span> <span class='ocrx_word' id='word_1_157' title='bbox 1130 3171 1147 3181; x_wconf 93' lang='lat'>.</span> <span class='ocrx_word' id='word_1_158' title='bbox 1160 3172 1177 3181; x_wconf 90' lang='lat'>.</span> <span class='ocrx_word' id='word_1_159' title='bbox 1200 3135 1328 3179; x_wconf 86' lang='lat' dir='ltr'>exeun-</span> 
     </span>
     <span class='ocr_line' id='line_1_22' title="bbox 195 3215 1220 3303; baseline 0 -22"><span class='ocrx_word' id='word_1_160' title='bbox 195 3224 271 3282; x_wconf 91' lang='lat' dir='ltr'>tem.</span> <span class='ocrx_word' id='word_1_161' title='bbox 317 3216 350 3301; x_wconf 80' lang='lat'>2)</span> <span class='ocrx_word' id='word_1_162' title='bbox 375 3215 491 3280; x_wconf 87' lang='lat' dir='ltr'>Altero</span> <span class='ocrx_word' id='word_1_163' title='bbox 521 3216 673 3301; x_wconf 89' lang='lat' dir='ltr'>strophae</span> <span class='ocrx_word' id='word_1_164' title='bbox 702 3237 776 3301; x_wconf 87' lang='lat' dir='ltr'>pars</span> <span class='ocrx_word' id='word_1_165' title='bbox 800 3238 842 3280; x_wconf 84' lang='lat' dir='ltr'>ex</span> <span class='ocrx_word' id='word_1_166' title='bbox 864 3216 978 3282; x_wconf 90' lang='lat' dir='ltr'>ionicis</span> <span class='ocrx_word' id='word_1_167' title='bbox 1008 3222 1136 3281; x_wconf 86' lang='lat' dir='ltr'>constat</span> <span class='ocrx_word' id='word_1_168' title='bbox 1161 3237 1220 3303; x_wconf 90' lang='lat' dir='ltr'>per</span> 
     </span>
     <span class='ocr_line' id='line_1_23' title="bbox 197 3320 1329 3406; baseline 0 -21"><span class='ocrx_word' id='word_1_169' title='bbox 197 3329 230 3386; x_wconf 91' lang='lat' dir='ltr'>ct</span> <span class='ocrx_word' id='word_1_170' title='bbox 252 3339 385 3389; x_wconf 62' lang='lat' dir='ltr'>ecce.</span> <span class='ocrx_word' id='word_1_171' title='bbox 410 3320 557 3398; x_wconf 86' lang='lat' dir='ltr'>variatis;</span> <span class='ocrx_word' id='word_1_172' title='bbox 585 3320 717 3384; x_wconf 92' lang='lat' dir='ltr'>dubium</span> <span class='ocrx_word' id='word_1_173' title='bbox 740 3326 849 3385; x_wconf 91' lang='lat' dir='ltr'>autem</span> <span class='ocrx_word' id='word_1_174' title='bbox 874 3326 934 3399; x_wconf 87' lang='lat' dir='ltr'>est,</span> <span class='ocrx_word' id='word_1_175' title='bbox 958 3326 1066 3383; x_wconf 89' lang='lat' dir='ltr'>utrum</span> <span class='ocrx_word' id='word_1_176' title='bbox 1083 3320 1236 3406; x_wconf 85' lang='lat' dir='ltr'>strophae</span> <span class='ocrx_word' id='word_1_177' title='bbox 1252 3342 1329 3387; x_wconf 86' lang='lat' dir='ltr'>rer-</span> 
     </span>
     <span class='ocr_line' id='line_1_24' title="bbox 197 3423 1330 3510; baseline 0.002 -22"><span class='ocrx_word' id='word_1_178' title='bbox 197 3446 252 3488; x_wconf 87' lang='lat' dir='ltr'>sus</span> <span class='ocrx_word' id='word_1_179' title='bbox 277 3429 306 3490; x_wconf 80' lang='lat'>4.</span> <span class='ocrx_word' id='word_1_180' title='bbox 323 3426 388 3490; x_wconf 75' lang='lat' dir='ltr'>st</span> <span class='ocrx_word' id='word_1_181' title='bbox 412 3424 592 3487; x_wconf 88' lang='lat' dir='ltr'>tetrametri</span> <span class='ocrx_word' id='word_1_182' title='bbox 617 3424 681 3487; x_wconf 91' lang='lat' dir='ltr'>sint</span> <span class='ocrx_word' id='word_1_183' title='bbox 703 3445 744 3487; x_wconf 90' lang='lat' dir='ltr'>an</span> <span class='ocrx_word' id='word_1_184' title='bbox 767 3424 801 3487; x_wconf 94' lang='lat' dir='ltr'>in</span> <span class='ocrx_word' id='word_1_185' title='bbox 823 3425 915 3488; x_wconf 92' lang='lat' dir='ltr'>binos</span> <span class='ocrx_word' id='word_1_186' title='bbox 937 3423 1092 3488; x_wconf 90' lang='lat' dir='ltr'>dimetros</span> <span class='ocrx_word' id='word_1_187' title='bbox 1108 3423 1330 3510; x_wconf 85' lang='lat' dir='ltr'>dispeseendi.</span> 
     </span>
     <span class='ocr_line' id='line_1_25' title="bbox 198 3526 1331 3614; baseline 0.002 -22"><span class='ocrx_word' id='word_1_188' title='bbox 198 3528 230 3613; x_wconf 83' lang='lat'>3)</span> <span class='ocrx_word' id='word_1_189' title='bbox 254 3528 400 3592; x_wconf 84' lang='lat' dir='ltr'>Maxima</span> <span class='ocrx_word' id='word_1_190' title='bbox 422 3527 612 3591; x_wconf 86' lang='lat' dir='ltr'>difficultate</span> <span class='ocrx_word' id='word_1_191' title='bbox 636 3526 810 3592; x_wconf 88' lang='lat' dir='ltr'>obstrictus</span> <span class='ocrx_word' id='word_1_192' title='bbox 835 3532 885 3592; x_wconf 89' lang='lat' dir='ltr'>est</span> <span class='ocrx_word' id='word_1_193' title='bbox 907 3526 1039 3590; x_wconf 89' lang='lat' dir='ltr'>ultimus</span> <span class='ocrx_word' id='word_1_194' title='bbox 1061 3548 1186 3608; x_wconf 79' lang='lat' dir='ltr'>versus,</span> <span class='ocrx_word' id='word_1_195' title='bbox 1208 3527 1242 3591; x_wconf 92' lang='lat' dir='ltr'>in</span> <span class='ocrx_word' id='word_1_196' title='bbox 1265 3550 1331 3614; x_wconf 94' lang='lat' dir='ltr'>quo</span> 
     </span>
     <span class='ocr_line' id='line_1_26' title="bbox 199 3630 1331 3698; baseline 0 -1"><span class='ocrx_word' id='word_1_197' title='bbox 199 3632 402 3697; x_wconf 87' lang='lat' dir='ltr'>choriamhos</span> <span class='ocrx_word' id='word_1_198' title='bbox 421 3632 528 3697; x_wconf 89' lang='lat' dir='ltr'>inesse</span> <span class='ocrx_word' id='word_1_199' title='bbox 544 3631 711 3697; x_wconf 90' lang='lat' dir='ltr'>schemate</span> <span class='ocrx_word' id='word_1_200' title='bbox 729 3675 749 3698; x_wconf 69' lang='grc' dir='ltr'><strong><em>ο</em></strong></span> <span class='ocrx_word' id='word_1_201' title='bbox 762 3689 778 3698; x_wconf 89' lang='grc'>.</span> <span class='ocrx_word' id='word_1_202' title='bbox 789 3688 823 3697; x_wconf 95' lang='grc'>...</span> <span class='ocrx_word' id='word_1_203' title='bbox 847 3635 922 3695; x_wconf 88' lang='lat' dir='ltr'>onte</span> <span class='ocrx_word' id='word_1_204' title='bbox 941 3631 1089 3695; x_wconf 90' lang='lat' dir='ltr'>ultimum</span> <span class='ocrx_word' id='word_1_205' title='bbox 1105 3630 1331 3697; x_wconf 83' lang='lat' dir='ltr'>choriambum</span> 
     </span>
     <span class='ocr_line' id='line_1_27' title="bbox 198 3733 1331 3824; baseline 0.002 -23"><span class='ocrx_word' id='word_1_206' title='bbox 198 3738 304 3824; x_wconf 90' lang='lat' dir='ltr'>posito</span> <span class='ocrx_word' id='word_1_207' title='bbox 336 3735 468 3821; x_wconf 83' lang='lat' dir='ltr'>probari</span> <span class='ocrx_word' id='word_1_208' title='bbox 496 3735 635 3802; x_wconf 87' lang='lat' dir='ltr'>videtur.</span> <span class='ocrx_word' id='word_1_209' title='bbox 679 3735 745 3800; x_wconf 84' lang='lat' dir='ltr'>Sed</span> <span class='ocrx_word' id='word_1_210' title='bbox 777 3756 851 3799; x_wconf 90' lang='lat' dir='ltr'>cum</span> <span class='ocrx_word' id='word_1_211' title='bbox 881 3735 914 3798; x_wconf 94' lang='lat' dir='ltr'>in</span> <span class='ocrx_word' id='word_1_212' title='bbox 938 3733 1034 3798; x_wconf 90' lang='lat' dir='ltr'>huius</span> <span class='ocrx_word' id='word_1_213' title='bbox 1058 3735 1212 3821; x_wconf 84' lang='lat' dir='ltr'>strophae</span> <span class='ocrx_word' id='word_1_214' title='bbox 1234 3743 1331 3821; x_wconf 86' lang='lat' dir='ltr'>perte</span> 
     </span>
     <span class='ocr_line' id='line_1_28' title="bbox 199 3838 1330 3923; baseline 0.002 -18"><span class='ocrx_word' id='word_1_215' title='bbox 199 3839 415 3905; x_wconf 84' lang='lat' dir='ltr'>choriambiea</span> <span class='ocrx_word' id='word_1_216' title='bbox 439 3839 537 3903; x_wconf 84' lang='lat' dir='ltr'>etiam</span> <span class='ocrx_word' id='word_1_217' title='bbox 560 3880 607 3905; x_wconf 65' lang='grc' dir='ltr'>ο.</span> <span class='ocrx_word' id='word_1_218' title='bbox 622 3896 637 3905; x_wconf 91' lang='grc'>.</span> <span class='ocrx_word' id='word_1_219' title='bbox 651 3897 667 3905; x_wconf 91' lang='grc'>-</span> <span class='ocrx_word' id='word_1_220' title='bbox 691 3845 854 3918; x_wconf 87' lang='lat' dir='ltr'>occurrat,</span> <span class='ocrx_word' id='word_1_221' title='bbox 885 3838 1119 3923; x_wconf 78' lang='lat' dir='ltr'>huncquoque</span> <span class='ocrx_word' id='word_1_222' title='bbox 1142 3860 1330 3907; x_wconf 80' lang='lat' dir='ltr'>mensuram</span> 
     </span>
     <span class='ocr_line' id='line_1_29' title="bbox 200 3942 1149 4028; baseline -0.002 -20"><span class='ocrx_word' id='word_1_223' title='bbox 200 3945 333 4008; x_wconf 90' lang='lat' dir='ltr'>duorum</span> <span class='ocrx_word' id='word_1_224' title='bbox 358 3963 509 4007; x_wconf 83' lang='lat' dir='ltr'>versuum</span> <span class='ocrx_word' id='word_1_225' title='bbox 530 3942 717 4006; x_wconf 90' lang='lat' dir='ltr'>ultimorum</span> <span class='ocrx_word' id='word_1_226' title='bbox 740 3943 871 4007; x_wconf 88' lang='lat' dir='ltr'>tolerari</span> <span class='ocrx_word' id='word_1_227' title='bbox 893 3961 991 4028; x_wconf 89' lang='lat' dir='ltr'>posse</span> <span class='ocrx_word' id='word_1_228' title='bbox 1015 3964 1149 4008; x_wconf 89' lang='lat' dir='ltr'>censeo:</span> 
     </span>
    </p>
   </div>
   <div class='ocr_carea' id='block_1_5' title="bbox 207 4209 987 4325">
    <p class='ocr_par' dir='ltr' id='par_1_5' title="bbox 207 4209 987 4325">
     <span class='ocr_line' id='line_1_30' title="bbox 207 4209 987 4325; baseline 0.005 -20"><span class='ocrx_word' id='word_1_229' title='bbox 207 4211 210 4215; x_wconf 93' lang='lat'><em>-</em></span> <span class='ocrx_word' id='word_1_230' title='bbox 265 4210 293 4322; x_wconf 33' lang='lat'>-¹)</span> <span class='ocrx_word' id='word_1_231' title='bbox 313 4209 413 4319; x_wconf 66' lang='lat' dir='ltr'>dirisi,</span> <span class='ocrx_word' id='word_1_232' title='bbox 432 4253 556 4308; x_wconf 86' lang='lat' dir='ltr'>Metrik¹</span> <span class='ocrx_word' id='word_1_233' title='bbox 576 4273 603 4325; x_wconf 91' lang='lat' dir='ltr'>p.</span> <span class='ocrx_word' id='word_1_234' title='bbox 621 4254 686 4317; x_wconf 80' lang='lat'>‘250;</span> <span class='ocrx_word' id='word_1_235' title='bbox 705 4252 883 4309; x_wconf 69' lang='lat' dir='ltr'>Continuitht</span> <span class='ocrx_word' id='word_1_236' title='bbox 900 4271 927 4324; x_wconf 90' lang='lat' dir='ltr'>p.</span> <span class='ocrx_word' id='word_1_237' title='bbox 945 4253 987 4309; x_wconf 86' lang='lat'>41.</span> 
     </span>
    </p>
   </div>
   <div class='ocr_carea' id='block_1_6' title="bbox 0 0 1541 5010">
    <p class='ocr_par' dir='ltr' id='par_1_6' title="bbox 0 0 1541 5010">
     <span class='ocr_line' id='line_1_31' title="bbox 0 0 1541 5010; baseline 0 0"><span class='ocrx_word' id='word_1_238' title='bbox 0 0 1541 5010; x_wconf 95' lang='lat' dir='ltr'> </span> 
     </span>
    </p>
   </div>
  </div>
 </body>
</html>
