3038 5010
800 300 819 363 7

701 392 910 399 ———

240 534 323 612 EqU.
341 532 416 597 532.
450 530 679 596 ἐκνιιτιτσυσιῖν
706 533 771 595 τῶν
800 527 976 618 ἠλέκτρων,
1006 529 1061 596 καὶ
1085 532 1144 594 τοῦ
1166 511 1272 594 τόνου
1296 526 1353 594 οὐκ
1377 525 1421 594 ἔτ’

283 709 366 789 Elin.
386 711 459 774 763.
491 711 532 795 τῇ
554 707 614 790 μὲν
638 691 806 795 δεσποίνᾳ)
824 705 982 795 Ἀθηναῖο
1007 760 1013 774 .
1040 760 1047 774 ,
1074 760 1080 775 ,
1220 634 1376 722 [ενοντθς·

283 817 406 883 Oratin.
434 818 474 880 fr.
500 818 529 898 8,
555 817 572 880 I
595 837 625 897 p.
647 817 695 880 14.

398 921 416 1011 ἦ
441 921 501 1006 μὲν
526 920 565 1010 δι)
589 921 723 1009 τιίννῃσι
747 901 812 988 acii
835 919 1035 1010 ὀστρείοισιν
1059 919 1168 1009 ὁμοίη.

281 1031 451 1112 Hermipp.
470 1030 558 1112 82,Ι
582 1050 611 1111 p.
632 1030 705 1094 249.

363 1138 546 1214 Μενδαῖον,
570 1139 629 1201 τοῦ
653 1134 713 1220 μὲν
736 1117 800 1202 καῖ
825 1136 1016 1224 ἐνουροῦσιν
1039 1117 1125 1202 θεοῖ
1149 1133 1254 1204 αὐτοί.

193 1247 238 1310 ldt
261 1264 312 1325 qu.
330 1265 354 1310 s.
373 1264 399 1309 r.

281 1353 393 1418 Etiam
426 1352 549 1433 tragici
584 1352 668 1416 hanc
703 1352 891 1417 libertatem
926 1357 1170 1433 usurpaverunt
1205 1352 1239 1416 in
1271 1352 1422 1418 versibus

195 1460 415 1541 anapaesticis
448 1460 551 1526 velut:
572 1533 574 1537 y
592 1459 709 1524 Aesch.
733 1459 823 1524 Pers.
850 1460 907 1539 523
948 1459 1045 1540 Soph.
1072 1459 1156 1523 Phil.
1186 1460 1264 1540 8393
1304 1459 1420 1541 Eurip.

193 1568 271 1632 Hec.
290 1568 364 1648 123,
383 1568 447 1631 214
472 1565 571 1651 atel).

358 1746 389 1811 b.
419 1747 473 1810 De
501 1746 708 1811 vocalibus
737 1752 827 1810 ante
858 1743 1019 1811 vocales
1050 1745 1258 1825 correptis.

282 1891 332 1953 12.
369 1889 432 1954 His
462 1892 544 1954 bene
572 1889 709 1970 adiungi
736 1893 873 1969 possunt
904 1907 942 1953 ea
967 1888 1129 1970 exempla,
1161 1887 1216 1953 ubi
1247 1888 1282 1952 in
1313 1888 1421 1954 media

192 2016 271 2063 voce
296 1996 494 2078 dipthongus
518 2019 553 2061 οι
577 1997 630 2060 vel
655 2019 686 2061 οι
710 2002 812 2062 metro
840 1995 1028 2076 postulante
1059 1997 1153 2061 modo
1184 1995 1295 2062 brevis
1325 1997 1419 2062 modo

191 2104 291 2184 longa
316 2108 374 2168 est.
415 2102 463 2168 Ao
479 2103 619 2184 primum
637 2103 766 2182 quidam
791 2109 974 2184 spectemus
990 2121 1103 2167 vocem
1127 2101 1303 2188 ποιεῖν),
1328 2102 1419 2167 ouius

193 2211 318 2276 formae
358 2217 390 2275 et
433 2211 614 2292 composita
657 2211 836 2275 sescenties
881 2210 968 2291 apud
1012 2210 1153 2275 comicos
1197 2210 1418 2276 inveniuntur.

192 2318 401 2401 Dipthongus
426 2341 457 2383 οι
481 2318 515 2383 in
539 2320 601 2383 hac
617 2337 697 2384 voce
721 2317 872 2399 plurimis
895 2317 979 2382 locis
1003 2323 1156 2399 correpta
1180 2323 1239 2400 est,
1264 2318 1322 2382 sed
1344 2337 1419 2399 per-

191 2445 289 2507 saepe
327 2431 464 2490 metrum
500 2427 600 2491 etiam
633 2426 766 2507 longam
802 2425 964 2509 syllabam
999 2426 1160 2507 postulat,
1201 2424 1279 2506 quin
1319 2425 1418 2490 etiam

191 2539 362 2613 utramque
387 2533 524 2599 formam
550 2533 584 2598 in
608 2534 719 2600 eodem
742 2552 840 2599 vorsu
864 2533 1064 2598 invenimus:

191 2642 289 2723 Vesp.
304 2642 377 2706 382.
402 2637 635 2706 κάνασπαστὸν
658 2626 781 2706 ποιεῖν
805 2640 894 2717 εἴσω,
918 2665 950 2705 τι
974 2619 1152 2728 ποιήσετε,
1172 2636 1316 2728 φράζετε
1332 2639 1420 2718 νυνί,

280 2748 480 2830 Saepissime
511 2749 691 2830 dipthongo
723 2754 859 2813 utuntur
890 2754 1007 2829 poetae
1040 2748 1075 2811 in
1108 2748 1311 2830 anapaestis,
1346 2768 1418 2813 cum

192 2855 329 2920 dimidia
351 2875 430 2936 pars
455 2857 525 2922 iere
550 2857 691 2921 omnium
710 2857 888 2921 formarum
906 2876 926 2920 a
941 2858 1041 2921 verbo
1058 2859 1167 2920 ποιεῖν
1184 2854 1416 2937 derivatorum,

192 2982 274 3042 quae
298 2962 333 3027 in
357 2964 546 3045 anapaestis
571 2964 792 3044 inveniuntur,
825 2982 895 3028 eam
926 2963 1057 3027 habeat.
1105 2962 1150 3026 At
1180 2961 1214 3025 in
1242 2960 1361 3027 iambis
1385 2968 1418 3027 et

191 3070 355 3136 trochaeis
380 3072 487 3136 forma
510 3073 670 3152 producta
692 3071 802 3136 rarius
826 3070 1010 3151 adhibetur,
1035 3089 1107 3135 cum
1128 3074 1245 3150 poetae
1265 3068 1417 3150 plurimis

192 3177 275 3241 locis
299 3177 390 3243 illam
415 3179 578 3262 syllabam
602 3179 637 3242 in
661 3178 729 3243 arsi
752 3198 874 3259 ponere
897 3177 1086 3244 vitaverint.

279 3285 375 3350 Hunc
398 3293 568 3367 poetarum
592 3306 685 3351 usum
702 3305 773 3350 cum
789 3306 850 3351 usu
873 3284 1194 3365 inscriptionum,
1219 3302 1303 3363 quae
1319 3302 1418 3364 saepe

192 3411 290 3472 opro
316 3415 347 3457 οι
371 3396 561 3474 praebeant,
587 3394 643 3458 sed
667 3399 794 3458 tantum
819 3397 895 3458 ante
914 3392 1046 3458 vocales
1070 3415 1086 3455 ε
1110 3389 1228 3478 ο1η3),
1253 3410 1318 3455 non
1342 3409 1417 3455 con-

192 3497 299 3564 cinere
323 3499 399 3565 inde
423 3501 641 3582 cognoscitur,
667 3502 752 3580 quod
776 3506 893 3581 poetae
917 3499 1017 3564 etiam
1041 3503 1119 3563 ante
1142 3498 1273 3564 vocales
1298 3519 1315 3562 ο
1338 3503 1371 3562 et
1391 3521 1417 3562 ω

191 3606 405 3688 dipthongum
440 3607 630 3689 saepissime
665 3605 942 3688 corripuerunt&
982 3606 1065 3685 squ.
1092 3606 1171 3687 246,
1207 3603 1291 3670 Nub.
1319 3603 1415 3685 1458,

193 3712 288 3795 1495,
318 3715 416 3796 Vesp.
437 3716 531 3796 1443,
556 3716 632 3780 Pac.
651 3715 715 3779 484
741 3720 773 3778 et
796 3734 848 3794 qu.
867 3734 891 3779 s.
909 3734 935 3778 r.

191 3840 401 3848 ——ffi

282 3891 300 3960 ¹)
319 3891 361 3947 cf.
382 3891 482 3959 Christ,
502 3891 603 3945 Metrik
623 3892 670 3944 der
690 3890 824 3944 Griechcn
843 3891 899 3944 und
918 3891 1017 3944 Rdmer
1040 3906 1065 3957 p.
1080 3890 1140 3942 244.

282 3981 301 4050 ⁹)
322 3980 363 4036 cf.
385 3981 499 4035 schulze
518 3981 534 4035 l.
551 3997 573 4034 c.
587 3998 611 4049 p.
626 3983 660 4034 45
674 3997 711 4047 sq.

278 4071 299 4138 3)
320 4069 360 4123 df.
381 4070 571 4138 Meisterhans‚
592 4071 764 4124 Grammatik
784 4071 831 4124 der
851 4073 902 4123 att.
917 4068 1086 4122 Inschriften
1106 4069 1116 4099 a
1133 4085 1159 4137 p.
1173 4069 1215 4123 44.

279 4159 300 4227 4)
320 4160 361 4214 cf.
382 4159 561 4213 Kretschmar
581 4160 598 4215 l.
613 4176 634 4215 c.
648 4178 673 4227 p.
685 4162 718 4214 25
733 4176 780 4227 sq,
800 4161 846 4225 qui
865 4161 956 4212 omnia
975 4158 1107 4225 exempla,
1127 4173 1195 4224 quae
1216 4157 1287 4226 apud
1307 4157 1418 4211 Menan·

191 4248 269 4301 drum
288 4250 473 4317 inveniuntur,
494 4253 643 4303 enumerat.
676 4251 708 4302 In
727 4249 923 4302 recentissimis
942 4247 1086 4300 Menandri
1105 4247 1271 4316 fragmentis
1296 4246 1347 4314 (ed.
1368 4246 1414 4298 Le·

190 4338 295 4413 febvre)
316 4340 415 4406 septies
436 4341 561 4407 sexagies
581 4340 729 4406 simplicem
744 4338 863 4391 vocalem
883 4358 897 4390 o
917 4339 1048 4405 scriptum
1068 4338 1221 4390 invenimus
1241 4334 1418 4404 (et3010cis

190 4427 257 4480 haec
276 4428 382 4494 syllaba
400 4429 503 4495 brevis,
528 4429 562 4481 36
587 4429 653 4482 locis
678 4444 777 4495 anceps
797 4432 852 4495 est,
880 4427 963 4480 semel
981 4426 1051 4481 Sam.
1066 4425 1118 4479 317
1137 4421 1213 4480 πόει
1239 4417 1344 4492 exstat,
1370 4424 1418 4478 ubi

190 4520 308 4570 metrum
326 4518 438 4587 longam
458 4518 593 4584 syllabam
612 4518 754 4585 postulat).
793 4518 942 4583 Quinquies
962 4516 1049 4569 decies
1067 4515 1233 4584 dipthongus
1253 4515 1356 4582 scripta
1376 4518 1418 4567 est

191 4605 231 4674 (et
250 4606 266 4660 8
286 4606 352 4662 locis
373 4608 480 4676 syllaba
499 4608 591 4677 longa,
611 4610 627 4661 3
646 4608 713 4662 locis
732 4622 839 4674 anceps,
859 4607 876 4659 4
895 4605 962 4660 locis
982 4609 1107 4672 correpta
1127 4605 1188 4674 est).
