3038 5010
629 456 847 542 ..36-

152 661 225 716 tare
254 649 489 716 similitudines
511 650 679 736 quasdam
704 664 989 738 argumentorum
1015 674 1091 718 cum
1117 652 1328 734 Menandro;

151 756 185 824 id
210 757 304 845 quod
330 780 433 823 nemo
457 756 634 824 mirabitur
659 756 690 824 in
718 780 759 824 eo
785 769 937 841 auctore,
972 758 1028 848 qui
1053 771 1259 847 argumenta
1284 761 1328 827 ad

152 864 351 931 comoedias
369 864 476 952 fingit.
504 864 557 931 De
572 865 772 933 auctoribus
786 865 888 952 igitur
902 866 1031 933 horum.
1041 880 1326 954 argumentorum

152 970 196 1037 nil
226 970 289 1038 nisi
321 971 388 1038 hoc
420 970 484 1038 dici
516 984 630 1060 potest
655 994 718 1038 eos
744 972 958 1060 temporibus
983 971 1229 1041 Alexandrinis
1261 975 1327 1057 vel,

151 1090 188 1145 ut
219 1077 358 1145 definite
388 1078 509 1159 dicam,
543 1078 924 1160 Ptolemaicisvixisse;
963 1079 1021 1167 qui
1053 1091 1167 1147 autem
1193 1080 1327 1163 fuerint,

123 1269 127 1276 Ι
152 1185 241 1253 30110
265 1208 333 1252 11011
359 1209 547 1274 possumus
573 1209 686 1275 neque
711 1185 828 1273 magni
852 1186 994 1254 interest
1017 1188 1117 1259 scire.

241 1400 403 1468 Attamen
431 1401 484 1468 illa
509 1400 748 1488 disquisitione
772 1402 816 1468 de
833 1413 945 1468 aetate
963 1414 996 1469 et
1013 1401 1127 1469 indole
1145 1425 1327 1490 argumen-

152 1522 263 1575 torum
297 1507 517 1575 metricorum
549 1508 649 1575 etiam
682 1508 851 1592 originem
884 1508 1044 1576 illustrari
1068 1522 1163 1597 puto.
1211 1508 1325 1595 Quam

152 1616 195 1682 ad
228 1615 464 1702 quaestionem
497 1613 749 1682 diiudicandam
784 1614 989 1704 quibusdam
1025 1616 1166 1705 papyris
1191 1616 1222 1684 in
1248 1617 1326 1686 vico

152 1724 382 1811 Aegyptiam,
409 1722 467 1809 qui
485 1721 607 1788 dicitur
625 1722 780 1804 Ghoran,
808 1744 939 1812 paucos
957 1735 1035 1791 ante
1053 1744 1164 1791 annos
1181 1727 1327 1811 repertis

152 1831 366 1897 adiuvamur.
414 1829 491 1896 Illas
509 1842 622 1896 autem
640 1851 794 1918 papyros
812 1829 919 1896 edidit
939 1829 976 1896 P.
991 1830 1145 1916 Jouguet
1169 1831 1200 1898 in
1226 1833 1326 1921 ephe·

152 1936 1322 2028 merideFrancogallica„BulletindecorrespondanceHellenique‘⁴

151 2057 173 2113 t.
183 2067 226 2132 30
242 2045 355 2131 (1906)
369 2067 401 2132 p.
419 2065 481 2132 103
494 2066 570 2132 sqq.
619 2043 782 2112 Secunda
807 2044 896 2110 enim
922 2067 1077 2132 papyrus
1101 2045 1207 2113 habet
1223 2048 1325 2135 scrip·

152 2165 205 2219 tos
241 2152 274 2218 in
312 2175 437 2219 averso
469 2153 558 2218 duos
591 2152 760 2239 prologos
790 2151 873 2218 satis
908 2151 1024 2232 1111103,
1060 2175 1079 2218 0
1112 2152 1236 2241 quibus
1269 2176 1326 2221 no·

152 2282 229 2325 uam
264 2261 373 2326 lucem
407 2258 549 2325 alssuere
581 2258 793 2345 argumentis
826 2258 975 2326 metricis
1008 2259 1158 2330 credam.
1207 2260 1326 2348 ltaque

152 2367 298 2433 maxime
316 2389 393 2432 mea
416 2366 560 2432 interest
585 2366 788 2454 quaestione
806 2365 848 2431 de
871 2366 1084 2453 argumentis
1108 2365 1192 2455 ipsis
1217 2367 1326 2435 metri·

153 2473 199 2540 cis
232 2473 426 2540 intermissa
458 2473 532 2539 illos
570 2473 739 2561 prologos
775 2486 935 2540 accurate
968 2471 1218 2562 diligenterque
1249 2496 1327 2541 exa·

153 2580 293 2647 minare.

241 2690 358 2775 Atque
389 2687 443 2754 illa
476 2710 629 2776 papyrus
662 2710 833 2776 personae
867 2700 1024 2754 mortuae
1055 2699 1129 2754 arte
1166 2688 1326 2756 conditae

152 2810 235 2864 erat.
284 2795 460 2881 Quattuor
484 2809 563 2862 sunt
587 2795 728 2861 laciniae
743 2794 937 2873 voluminis,
963 2817 1053 2882 quae
1077 2795 1173 2862 facile
1190 2795 1325 2864 conecti

150 2918 296 2992 possunt
329 2919 362 2970 et
392 2926 537 2990 quarum
568 2914 682 2969 textus
707 2902 738 2969 in
764 2902 922 2991 plagulas
948 2900 1066 2988 viginti
1092 2913 1224 2990 septem
1251 2924 1324 2970 ver·

150 3036 251 3080 suum
284 3012 415 3079 divisus
447 3024 510 3082 est.
558 3012 610 3078 Ex
642 3010 681 3078 iis
711 3024 835 3092 autem,
869 3032 958 3099 quae
990 3009 1023 3075 in
1048 3009 1104 3076 illo
1130 3010 1324 3097 fragmento

150 3120 218 3203 legi
236 3134 269 3186 et
286 3120 454 3207 cognosci
471 3131 627 3207 possunt,
652 3119 707 3185 illo
725 3117 899 3184 volumine
917 3116 1131 3184 comoediam
1151 3116 1324 3205 quandam

151 3227 318 3294 contineri
336 3227 540 3312 videmu51).
571 3225 652 3309 Quo
670 3239 783 3292 autem
801 3225 872 3291 lere
890 3236 1046 3312 tempore
1063 3222 1143 3289 illud
1162 3225 1323 3291 volumen

151 3335 193 3402 sit
210 3336 385 3423 scriptum,
410 3334 556 3422 primum
580 3356 623 3400 ex
639 3333 678 3400 iis
696 3332 836 3421 papyris
854 3329 1012 3398 concludi
1029 3342 1152 3418 potest,
1179 3353 1267 3420 quae
1290 3330 1324 3397 in

151 3456 286 3510 mortua
299 3442 440 3531 insuper
453 3442 613 3508 inventae
625 3452 705 3507 sunt
717 3463 724 3520 ;
741 3439 911 3528 pertinent
924 3437 1012 3504 enim
1027 3439 1070 3503 ad
1087 3437 1324 3505 Ptolemaeum

151 3550 421 3638 Philadelphum.
448 3549 568 3616 Elucet
580 3548 684 3632 igitur
698 3549 784 3614 hanc
801 3568 971 3635 papyrum
984 3545 1200 3633 temporibus
1215 3544 1325 3612 Ptole·

151 3658 267 3726 maicis
300 3657 411 3743 iisque
441 3656 613 3745 prioribus
639 3678 717 3723 esse
743 3654 1007 3724 attribuendam.
1055 3652 1149 3719 Idem
1174 3653 1325 3740 probant

150 3765 280 3832 formae
307 3765 514 3831 vetustiores
546 3763 731 3830 litterarum
760 3761 801 3841 N,
827 3787 853 3845 o,
879 3787 904 3837 0,
930 3778 959 3841 Θ,
985 3759 1025 3849 Π,
1059 3781 1148 3845 quae
1184 3758 1322 3825 nonita

149 3875 255 3960 longe
288 3875 413 3940 absunt
445 3895 463 3938 a
495 3872 664 3958 scriptura
698 3870 872 3935 titulorum
897 3867 999 3956 lapidi
1024 3866 1229 3946 incisorum;
1261 3887 1324 3933 nec

150 3980 260 4047 minus
279 3982 366 4046 bene
384 3980 425 4045 ad
445 3979 532 4045 illam
559 3989 703 4044 aetatem
728 3977 874 4064 quadrat
899 3974 1159 4061 orthographia,
1186 3974 1229 4039 de
1254 3993 1323 4060 qua

150 4089 252 4175 paulo
277 4087 361 4154 inlra
386 4086 496 4153 fusius
521 4098 653 4171 agetur.
701 4083 797 4166 Ergo
822 4105 863 4148 ne
880 4082 1018 4168 longius
1043 4081 1229 4168 provehar,
1254 4093 1323 4146 tex·

242 4232 261 4299 ¹)
281 4230 325 4284 De
358 4229 529 4284 comoediae
560 4227 657 4282 indole
686 4237 775 4297 atque
805 4234 901 4280 aetate
930 4242 1024 4296 nuper
1053 4224 1111 4294 egit
1139 4223 1175 4279 A.
1203 4222 1323 4290 Koerte,

150 4320 278 4374 Hermes
300 4323 378 4392 1908.
