3038 5010
590 457 809 524 ,26-

112 653 255 721 trimetri
273 653 412 741 saepius
429 652 521 719 omni
539 674 684 720 caesura
702 664 829 732 carent,
854 664 891 719 ut
907 652 1000 741 apud
1017 651 1289 740 Aristophanem

114 783 165 842 10,
189 762 211 828 8
235 781 359 827 versus
391 760 478 827 inter
512 763 618 842 100¹),
653 771 774 827 contra
807 759 899 847 apud
916 758 1131 846 Aeschylum
1156 769 1290 826 tantum

112 892 142 949 2,
166 869 189 934 6
213 889 338 934 versus
371 866 459 933 inter
485 888 548 933 100
579 878 638 933 aut
662 866 755 955 apud
780 865 992 955 Sophoclem
1020 887 1049 946 1,
1072 865 1095 932 8
1119 887 1246 934 versus
1270 887 1290 933 e

112 973 265 1043 centenis
291 973 461 1045 versibus.
509 972 557 1041 Ut
585 986 699 1041 autem
733 972 864 1054 comici,
898 973 943 1040 ita
975 971 1134 1040 didactici
1164 984 1290 1062 poetae

113 1103 291 1149 caesuram
324 1079 498 1152 adhibent.
545 1079 627 1164 Quo
662 1080 774 1166 magis
804 1079 906 1147 iambi
938 1079 1041 1147 soluti
1065 1079 1096 1146 in
1123 1101 1194 1167 quo
1218 1100 1290 1147 car·

111 1187 203 1256 mine
218 1186 448 1268 inveniuntur,
475 1210 517 1254 eo
537 1188 655 1275 plures
674 1209 798 1254 versus
816 1208 961 1254 caesura
981 1199 1140 1255 carentes
1163 1197 1290 1275 poetae

112 1294 303 1366 admittunt.
351 1292 507 1362 Caesura
530 1306 645 1361 autem
670 1295 776 1381 longe
805 1293 1030 1362 usitatissima
1055 1305 1109 1361 est
1131 1291 1289 1382 semiqui·
1318 1327 1320 1330 ·

112 1401 218 1473 naria.
265 1401 302 1468 In
329 1400 488 1468 versibus
514 1421 659 1467 caesura
684 1399 881 1467 carentibus
910 1421 1016 1488 saepe
1041 1413 1101 1467 aut
1123 1398 1290 1468 diaeresis

112 1509 226 1577 medio
259 1509 291 1575 in
332 1529 436 1574 versu
475 1519 534 1573 aut
567 1518 601 1573 et
634 1518 714 1594 post
745 1505 892 1594 primum
925 1518 1073 1574 metrum
1105 1505 1288 1574 iambicum

111 1629 145 1683 et
169 1628 251 1704 post
274 1615 466 1683 secundum
492 1613 672 1692 invenitur,
707 1636 809 1703 quam
842 1625 969 1702 poetae
993 1612 1115 1700 tragici
1138 1635 1208 1681 non
1233 1613 1289 1680 ad·

112 1721 258 1793 mittunt.
304 1719 369 1787 His
395 1742 536 1808 quoque
561 1720 592 1787 in
618 1720 779 1788 versibus
793 1761 826 1770 -
843 1742 916 1798 v.2‚
933 1741 965 1809 5,
980 1720 1012 1802 8,
1029 1742 1051 1805 9
1068 1743 1141 1807 arg.
1188 1719 1289 1790 Pacis

111 1850 181 1896 non
225 1840 450 1895 recensentur
488 1839 524 1894 ut
563 1826 662 1894 nimis
701 1826 854 1916 corrupti
886 1865 915 1876 -
947 1849 1092 1895 caesura
1130 1813 1288 1914 semiqui·

111 1934 206 2003 naria
222 1947 276 2002 est
293 1933 502 2002 creberrima
508 1957 516 2013 ;
541 1933 630 2001 inter
647 1934 735 2001 enim
756 1956 817 2000 100
834 1956 960 2002 versus
984 1933 1039 2002 illa
1052 1956 1209 2003 caesura
1233 1956 1289 2023 ap

111 2052 209 2131 paret
227 2040 457 2129 quinquagies
473 2041 618 2130 septies;
643 2054 838 2127 sequuntur
854 2041 980 2109 deinde
992 2063 1117 2111 versus
1142 2062 1289 2111 caesura

112 2160 270 2217 carentes
285 2169 375 2215 unus
392 2159 426 2214 et
439 2146 569 2235 viginti,
588 2148 714 2235 quibus
732 2147 894 2216 omnibus
911 2147 1077 2217 diaeresis
1097 2160 1156 2216 aut
1171 2147 1288 2216 medio

110 2255 143 2322 in
160 2276 264 2322 versu
282 2266 340 2320 aut
357 2266 390 2320 et
407 2266 487 2341 post
503 2254 650 2342 primum
664 2268 791 2355 etpost
807 2255 1001 2323 secundum
1018 2266 1165 2323 metrum
1182 2253 1286 2336 inest;

110 2374 183 2430 tum
197 2360 413 2447 undeviginti
424 2382 549 2428 versus
563 2362 621 2448 qui
635 2383 780 2430 caesura
792 2361 1075 2451 semiseptenaria
1087 2360 1183 2430 incisi
1196 2372 1287 2430 sunt.

201 2467 293 2552 Quid
311 2467 438 2555 igitur?
470 2467 562 2536 Tota
579 2468 612 2536 in
630 2468 862 2557 disputatione
879 2467 1020 2536 metrica
1036 2491 1116 2536 num
1134 2468 1168 2537 in
1184 2469 1288 2537 ullam

110 2597 184 2643 rem
201 2573 392 2656 incidimus,
418 2596 507 2662 quae
528 2589 661 2665 pugnet
686 2599 761 2643 cum
787 2576 843 2644 illo
869 2575 1024 2644 trimetro
1042 2575 1290 2664 Aristophanis

111 2693 170 2750 aut
200 2694 381 2771 poetarum
407 2681 684 2750 didacticorum?
730 2682 845 2767 Quam
877 2683 922 2749 ob
949 2704 1020 2749 rem
1042 2683 1125 2751 illud
1148 2680 1288 2766 iacobi,

111 2790 206 2877 quod
231 2787 379 2876 legimus
402 2789 434 2855 in
460 2789 533 2856 eius
558 2790 808 2857 commentario
833 2812 866 2878 p.
887 2811 930 2878 72
955 2802 988 2856 et
1013 2811 1070 2878 73:
1097 2787 1184 2873 „Die
1204 2787 1289 2878 jam·

110 2896 251 2964 bischen
278 2895 497 2982 Argumente
522 2919 563 2962 zu
588 2896 844 2985 Aristophanes
869 2897 1036 2984 gehbren,
1064 2897 1151 2964 auch
1176 2895 1287 2964 ihrem

110 3002 318 3070 metrischen
332 3001 528 3070 Charakter
541 3005 639 3084 nach,
662 3003 753 3071 nicht
766 3002 798 3070 in
813 3003 931 3070 diesen
946 3003 1289 3087 Zusammenhang“,

111 3133 191 3178 esse
206 3109 440 3198 repellendum
459 3123 553 3198 put0.
591 3110 663 3179 Sed
682 3123 718 3178 ut
737 3112 823 3178 baec
847 3109 1039 3199 disquisitio
1064 3111 1108 3178 de
1132 3109 1288 3177 trimetro

110 3215 257 3284 iambico
294 3229 579 3304 argumentorum
613 3217 706 3285 omni
739 3216 872 3311 ratione
903 3229 981 3299 stet,
1018 3216 1138 3306 paucis
1168 3214 1289 3284 verbis

111 3323 211 3391 etiam
234 3335 342 3390 artem
362 3325 536 3391 metricam
555 3337 736 3413 poetarum
754 3324 991 3402 iambicorum‚
1017 3323 1074 3413 qui
1091 3321 1288 3412 posteriori·

111 3431 177 3498 bus
202 3429 418 3519 temporibus
442 3430 589 3512 fuerunt,
615 3431 834 3518 attingemus,
883 3430 1052 3520 Imprimis
1069 3429 1184 3498 Babrii
1208 3431 1289 3497 cho·

110 3537 366 3627 liambographi
397 3560 453 3604 ars
484 3538 627 3605 metrica
658 3537 738 3605 mihi
775 3537 928 3605 breviter
960 3549 1014 3605 est
1048 3536 1288 3610 discurrenda.
1312 3528 1320 3551 ⁵

111 3645 205 3732 quod
229 3658 355 3734 poetae
379 3643 514 3712 iambici
547 3644 760 3732 posteriores
792 3644 826 3710 in
851 3644 1052 3711 universum
1078 3656 1186 3711 artem
1213 3642 1289 3710 eius

110 3752 287 3820 metricam
318 3750 428 3820 secuti
458 3766 548 3832 sunt,
585 3749 613 3818 si
644 3773 785 3818 versum
819 3750 1004 3840 politicum,
1041 3749 1100 3838 qui
1130 3762 1288 3832 vocatur,

111 3857 309 3930 omittimus,
357 3858 436 3944 Qua
468 3859 512 3925 de
543 3869 616 3924 arte
647 3857 756 3925 [usius
782 3856 854 3944 egit
880 3857 1025 3926 Crusius
1057 3857 1090 3924 in
1116 3878 1288 3924 commen·

111 3965 196 4031 tario
229 3987 294 4032 suo
326 3966 369 4031 de
394 3963 509 4031 Babrii
539 3976 651 4031 aetate
683 3964 881 4053 inscripto²t
913 3988 946 4054 p.
974 3986 1036 4052 1²7
1061 3985 1139 4053 sqq.
1186 3962 1289 4032 Metri

110 4083 223 4139 autem
240 4071 399 4139 Babriani
423 4071 619 4159 proprietas
645 4070 792 4137 maxime
816 4071 975 4138 notabilis
999 4082 1053 4138 est
1077 4069 1288 4159 paenultima

201 4216 221 4282 ¹)
242 4215 277 4271 cf.
296 4215 419 4286 Jacoby,
439 4216 456 4270 l.
477 4232 499 4270 c.
519 4232 547 4285 p.
568 4215 611 4269 66.

200 4302 220 4369 ¹)
240 4305 398 4376 Leipziger
416 4303 539 4358 Studien
559 4303 583 4358 II
605 4305 707 4374 (1879).
