3038 5010
603 441 823 506 „32-

341 613 419 677 ἀκὼν
444 617 549 702 ἔπεφνε
573 616 663 678 Λάϊον
687 622 859 704 ηεννητορα.

340 720 470 808 Σφιηηὸς
495 721 526 784 δὲ
549 724 648 804 ’δεινῆς
670 724 830 805 θανάσιμον
854 725 951 797 λύσας
976 725 1072 806 μέλος

340 825 451 913 ᾔσχυνε
469 829 592 915 ’μητρὸς
616 833 817 913 ἀγνοουμένης
840 831 943 915 λέχος.

342 936 447 1017 λοιμὸς
470 934 501 998 δὲ
526 936 633 1021 Θήβας
657 933 717 1000 εἷλε
741 939 788 1000 καὶ
811 941 901 1010 νόσος
925 944 1032 1024 μακροὶ,

288 1064 313 1102 10
342 1041 445 1129 Κρέων
468 1041 499 1105 δὲ
522 1044 672 1129 τιμηθεὶς
696 1044 843 1130 Δελφικὴν
866 1045 942 1132 πρὸς
966 1044 1075 1120 ἑστίαν,

342 1149 425 1222 ὅπως
448 1151 576 1233 πύθηται
601 1159 652 1213 τοῦ
676 1159 764 1214 κακοῦ
789 1156 977 1238 ταυστὴμιον,

340 1259 448 1341 ἤκουσε
472 1266 579 1342 φωνῆς
603 1266 748 1341 μαντικῆς
771 1260 841 1321 θεοῦ
865 1265 944 1346 πάρα

342 1366 391 1425 τὸν
415 1363 530 1428 latero
554 1365 738 1448 ἐκδικηθῆναι
763 1371 861 1450 φόνον.

342 1471 409 1532 ὅθεν
434 1471 537 1553 μαθὼν
561 1473 665 1534 ἑαυτὸν
689 1471 829 1544 Οἰδίπους
853 1472 951 1545 τάλας

289 1598 314 1635 1⁶
342 1579 444 1651 δισσάς
468 1601 501 1641 τε
525 1580 622 1665 χεμαὶν
647 1577 834 1659 ἐξαναλωοεν
858 1583 960 1666 κόρας,

342 1684 416 1768 αὐτὴ
442 1685 472 1746 δὲ
496 1689 595 1771 μήτηρ
620 1689 759 1770 ἀηχόναις
783 1687 916 1749 διώλετο·

217 1841 271 1908 Ac
289 1843 435 1930 primum
455 1842 593 1931 quidem
612 1844 656 1910 de
672 1855 768 1911 textu
785 1845 1002 1913 recensendo
1019 1867 1131 1934 pauca
1148 1844 1311 1937 afferam...

221 2008 273 2085 11)
297 2001 414 2089 Vulgo
438 2003 564 2090 legitur
587 2007 725 2089 πύθηται,
759 2005 851 2092 quod
879 2004 1017 2072 Brunck
1042 2005 1221 2093 corrigere
1244 2026 1312 2073 vo-

128 2108 188 2175 luit
204 2110 236 2175 in
254 2112 373 2174 τὺθοιτο
391 2132 586 2177 memorans
608 2109 640 2176 in
665 2112 872 2200 apographo
897 2112 1013 2200 aliquo
1029 2133 1049 2179 a
1065 2114 1174 2201 prima
1200 2125 1305 2181 manu

117 2215 293 2304 'scriptum
312 2239 390 2283 esse
407 2220 549 2288 πύθοιτο,
597 2215 668 2285 Sed
694 2221 822 2303 πύθηται
846 2218 947 2285 etiam
973 2230 1053 2306 post
1076 2220 1224 2286 verbum
1239 2218 1313 2287 his·-

129 2322 227 2390 torici
245 2324 337 2411 quod
357 2323 473 2391 dicunt
490 2323 655 2411 temporis
672 2328 779 2410 ἤκουσε
795 2329 944 2413 πεμφθείς
961 2325 1052 2392 nullo
1070 2325 1177 2393 modo
1199 2324 1304 2393 offen·

129 2432 213 2497 dere
237 2443 363 2518 potest,
393 2452 468 2498 cum
496 2452 563 2496 non
590 2453 669 2498 raro
694 2432 725 2496 in
753 2431 936 2498 enuntiatis
960 2430 1121 2499 finalibus
1145 2442 1314 2520 tempora.

130 2536 291 2606 historica
315 2538 442 2605 modus
467 2537 705 2605 coniunctivus
729 2550 906 2625 sequatur.

222 2651 274 2735 15)
298 2649 416 2710 δισσαῖσι
440 2637 537 2734 χερσίν
563 2645 611 2726 L,
644 2645 737 2733 quod
764 2645 847 2713 satis
872 2646 986 2734 inepte
1009 2646 1100 2713 dicta
1124 2667 1202 2714 esse
1226 2667 1313 2713 con·-

130 2753 228 2823 cedo.
276 2752 486 2841 Itaqueiam
512 2752 652 2820 Brunck
677 2776 696 2820 e
719 2753 856 2820 fabulae
878 2772 982 2821 versu
1011 2753 1097 2819 1268
1120 2764 1154 2820 et
1178 2774 1221 2820 ex
1240 2750 1304 2820 Eu·

129 2858 247 2948 ripidis
271 2859 542 2927 Phoenissarum
567 2882 674 2927 versu
705 2881 750 2949 59
773 2861 858 2927 haec
882 2862 992 2927 verba
1016 2859 1161 2928 mutavit
1184 2858 1217 2927 in
1236 2865 1316 2949 πάρ·-

129 2992 205 3032 παιοι
226 2970 338 3042 δισσάς,
385 2967 457 3035 Sed
490 2968 651 3055 equidem
677 2967 910 3034 coniecturam
943 2966 1083 3035 Elmslei
1114 2965 1246 3056 accipio
1270 2975 1315 3033 et.

129 3073 244 3141 scribo
264 3076 367 3148 δισσάς
391 3099 423 3138 τε
447 3078 555 3163 χερσίν,
581 3096 671 3161 quae
695 3074 840 3163 propius
865 3076 964 3142 abest
981 3096 1001 3141 a
1017 3073 1136 3141 litteris
1161 3072 1304 3141 traditis.

218 3179 256 3248 Si
304 3180 380 3268 quis
427 3189 470 3248 de
517 3194 629 3248 metro
672 3181 772 3249 huius
812 3180 1007 3268 argumenti
1047 3194 1203 3268 quaerat,
1248 3178 1313 3247 ad·-

129 3276 281 3368 miretur,
319 3289 412 3373 quod
447 3288 577 3377 ubique
611 3289 712 3355 iambi
749 3288 873 3375 integri
905 3287 1126 3355 inveniuntur
1156 3297 1314 3375 excepto·

131 3417 253 3461 versus
278 3417 296 3482 7
323 3395 413 3482 pede
436 3398 545 3475 tertio,
572 3395 629 3462 ubi
653 3395 812 3482 dactylus
838 3394 972 3482 positus
998 3408 1051 3462 est
1075 3393 1177 3461 iambi
1214 3394 1312 3474 loco,.

131 3502 224 3590 quod
241 3515 355 3569 tamen
374 3501 558 3568 offensioni
578 3525 647 3569 non
664 3516 725 3582 est,
752 3524 829 3569 cum
854 3502 908 3569 ille
932 3504 1029 3569 locus
1055 3522 1200 3569 caesura
1223 3497 1305 3567 divi·

130 3631 191 3675 sus
207 3610 295 3691 sit1).
345 3607 523 3676 Caesurae
541 3631 682 3696 quoque
706 3609 737 3675 in
763 3620 970 3695 argumento
985 3607 1179 3695 Oedipodis
1196 3604 1316 3689 Regis

130 3739 173 3782 ex
198 3738 296 3783 more
320 3717 531 3802 tragicorum
557 3731 738 3804 poetarum
763 3728 945 3804 apparent;
971 3713 1132 3782 omnibus
1157 3712 1255 3781 enim·
1271 3710 1315 3779 in·

130 3823 290 3890 versibus
348 3835 461 3890 exstat
517 3822 760 3910 semiquinaria
812 3844 970 3903 caesura,
1026 3844 1128 3910 quam
1183 3818 1305 3903 tragici

130 3945 254 4017 poetae
272 3930 516 3997 creberrimam
535 3931 708 4007 adhibent,
727 3936 873 4016 excepto
890 3950 996 3994 versu
1020 3951 1068 4013 14,
1087 3929 1144 4014 qui
1161 3947 1317 3994 caesura.

129 4035 412 4124 semiseptenaria
445 4037 625 4124 bipartitus
653 4052 715 4104 est.
775 4035 858 4103 Item
891 4057 1004 4117 genus
1029 4033 1174 4115 dicendi,
1210 4031 1305 4121 quod

221 4181 241 4248 ¹)
262 4182 358 4250 Quem
379 4183 527 4251 dactylum
550 4180 641 4253 δειμης
660 4179 806 4251 λανάλσιμον
825 4179 925 4233 delere
945 4176 1075 4231 nonnulli
1089 4175 1142 4231 viri
1162 4175 1240 4232 docti
1258 4191 1318 4230 vo·-

129 4272 246 4326 luerunt
265 4271 427 4326 scribentes
447 4269 578 4342 θνησιμον,
600 4272 679 4340 quod
700 4272 823 4323 verbum
844 4268 961 4321 omnino
981 4282 1038 4320 non
1059 4275 1164 4320 exstat.
