3038 5010
712 467 803 550 [181]
1283 477 1324 538 43

291 661 414 726 Locum
447 660 589 733 tertium,
622 658 738 722 Bacch.
769 660 857 723 986c
887 656 998 740 δρόμον
1027 663 1057 736 ἐς
1086 658 1154 740 ὅρος
1185 664 1215 737 ἐς
1242 659 1325 741 ὅρος,

187 765 219 826 in
243 766 400 849 suspenso
432 764 587 849 relinquo,
617 769 722 826 utrum
753 763 947 848 exceptionis
976 765 1047 828 loco
1079 765 1251 829 babeamus
1281 788 1322 831 an

189 869 236 932 uis
271 869 299 933 ei
333 867 498 934 afferenda
529 868 585 949 sit3
623 866 771 951 equidem
800 890 863 932 non
894 867 994 932 ausim
1025 869 1132 933 invitis
1162 869 1324 935 codicibus

195 973 358 1057 quicquam
380 992 509 1036 novare.
1165 958 1173 974 ’

293 1189 311 1250 5
333 1189 366 1247 et
390 1180 425 1264 6)
448 1179 524 1245 Εοτ.
547 1181 621 1245 Hel.
646 1182 718 1259 650,
741 1202 835 1265 quern
859 1202 987 1245 versum
1010 1180 1137 1246 codices
1160 1181 1205 1245 sio
1229 1180 1322 1245 dant:

430 1282 516 1348 πόσιν
538 1281 612 1365 ε’·μόν
634 1282 742 1368 ἔχομεν
764 1281 884 1367 ἔχομεν,
909 1281 943 1347 ὃν
966 1282 1084 1366 ἔμενον,

206 1398 236 1454 ut
254 1391 416 1456 dimetrum
439 1388 658 1453 dochmiacum
674 1388 825 1467 efficeret,
843 1388 1004 1453 Seidlerus
1028 1387 1084 1472 (de
1102 1410 1180 1453 vers.
1197 1389 1320 1454 docbm.

144 1557 146 1561 ,
209 1517 233 1579 p.
250 1493 298 1578 ct)
319 1494 494 1579 duplicavit
516 1493 647 1556 verbum
671 1488 754 1572 ἐμόν,
778 1513 859 1577 quae
884 1494 1067 1557 coniectura
1081 1494 1240 1579 plerisque
1260 1494 1324 1559 edi·

210 1598 311 1664 toribus
334 1607 381 1663 est
401 1598 547 1682 probata,
563 1595 748 1661 Hermanno
763 1597 818 1672 ita,
840 1602 876 1659 ut
892 1603 1113 1682 transponeret
1126 1599 1321 1682 geminatum

212 1698 269 1781 ἐμόν
287 1710 356 1787 post
378 1703 514 1766 alterum
537 1699 653 1784 ἔχομεν,
688 1700 803 1765 Scribit
820 1702 917 1784 igitur
934 1699 1057 1766 Seidler
1081 1722 1205 1765 versum
1222 1702 1281 1766 sio:

429 1802 516 1869 πόσιν
539 1802 614 1886 iptio
636 1802 710 1885 ἐμόν
733 1801 850 1889 ἔχοῇμεν
873 1802 994 1888 ἔχομεν,
1016 1801 1049 1868 ὃν
1073 1802 1178 1885 ἔμενον

213 1907 391 1975 Hermannus
428 1907 515 1973 πόσιν
537 1906 649 1991 ἔχομεν
671 1905 784 1992 ἔχομεν
802 1907 807 1989 l
828 1906 902 1989 ε’μόν
924 1905 1008 1989 ἐμόν,
1032 1905 1066 1971 ὃν
1088 1906 1203 1989 ἔμενον.

294 2014 380 2088 Quas
404 2014 643 2078 emendationes
665 2013 840 2079 reiciendas
863 2033 932 2077 esse
955 2019 1035 2097 puto
1051 2013 1134 2092 ideo,
1158 2013 1230 2097 quia
1246 2012 1322 2076 mihi

212 2116 320 2182 verbum
342 2118 382 2182 ab
405 2119 455 2182 his
477 2119 672 2203 geminatum
694 2116 774 2182 adeo
797 2116 962 2200 indignum
978 2116 1103 2180 videtur
1129 2137 1208 2196 esse,
1233 2114 1319 2202 quod

213 2224 377 2304 repetitione
400 2230 584 2306 urgueutur,
607 2227 642 2285 ut
666 2222 792 2285 omnino
815 2221 918 2284 omitti
932 2220 1042 2306 possit.
1076 2219 1178 2284 Multo
1196 2219 1321 2303 dignius

214 2325 277 2406 quod
305 2326 484 2411 duplicetur
514 2325 590 2389 mihi
620 2347 689 2390 esse
719 2324 844 2389 videtur
874 2324 1005 2389 verbum
1037 2321 1142 2400 πόσιν,
1176 2323 1261 2408 quod
1295 2323 1321 2387 si

212 2430 363 2514 repetieris,
385 2430 517 2494 habebis
541 2428 710 2494 dimetrum
733 2427 952 2493 dochmiacum
976 2428 1073 2492 hunc:

391 2532 478 2598 πόσιν
501 2531 612 2614 [πόσιν]
633 2530 746 2615 ,ἔχομεν
765 2533 769 2614 1
790 2531 907 2617 ἔχομεν,
930 2530 964 2597 ὃν
988 2529 1093 2612 ἔμενον

212 2638 332 2703 omnibus
355 2638 493 2702 numeris
515 2636 706 2701 absolutum.
751 2634 833 2700 Nam
857 2642 931 2721 apte
955 2636 1078 2720 syllaba
1102 2642 1243 2700 extreme
1266 2657 1320 2699 an·

210 2739 283 2826 cipite
305 2743 439 2808 dimeter
463 2741 667 2806 dochmiaeus
689 2740 867 2807 secernitur
890 2763 909 2804 a
932 2741 1147 2824 sequentibus.

290 2846 351 2920 Qui
375 2845 506 2909 verbum
521 2825 640 2928 ιἔχομεν
670 2866 808 2928 urguere
838 2844 1003 2927 maluerit,
1034 2844 1119 2908 bunc
1149 2844 1317 2909 dimetrum

208 2943 405 3015 dochmiaoum
427 2949 527 3033 possit
548 2949 734 3015 restituere:

414 3051 522 3136 ἔχομεν
544 3051 654 3136 ἔχομεν
677 3052 761 3134 ἐμόν,
781 3053 786 3134 Ι
805 3051 840 3117 ὃν
863 3052 969 3135 ἔμενον
990 3050 1085 3118 πόσιν.

290 3265 305 3326 l
331 3269 362 3324 et
386 3259 422 3343 8)
445 3259 505 3323 His
528 3261 604 3325 locis
628 3261 803 3325 addiderim
826 3283 960 3341 versum,
983 3263 1015 3325 in
1039 3283 1100 3346 quo
1125 3262 1316 3326 vocabulum

205 3366 285 3428 semel
305 3365 444 3450 positum
467 3387 530 3429 non
553 3365 593 3429 ab
617 3365 792 3430 editoribus
814 3374 946 3451 propter
970 3387 1081 3430 causas
1105 3365 1252 3430 metricas
1268 3372 1316 3429 est

204 3470 387 3550 geminatum,
411 3468 467 3532 sed
490 3491 509 3533 a
531 3469 657 3533 librario
682 3469 763 3534 falso
787 3470 863 3534 mihi
886 3471 1057 3554 repetitum
1080 3492 1149 3538 esse
1180 3469 1316 3534 videtur.

202 3569 316 3658 legitur
338 3574 365 3636 is
389 3571 553 3637 dochmins
577 3573 653 3637 Eur.
676 3574 772 3638 Herc.
799 3577 880 3639 1059
904 3575 1002 3639 sicin
1026 3574 1133 3639 codd:

382 3675 498 3758 (addet,-
522 3680 579 3754 ναί,
603 3676 702 3761 εὕδει)
724 3676 818 3742 ῧπνον
841 3677 935 3743 ὕπνον
957 3678 1110 3760 ὀλόμενον,

382 3777 415 3856 ὃς
437 3778 540 3844 ἔκανεν
562 3778 688 3864 ἄλοχον,
711 3781 810 3864 ἔ(κανε
836 3783 867 3846 δὲ
890 3781 985 3860 τέκεα,
1010 3781 1126 3866 τοξήρει

493 3892 612 3974 ψαλμῷ
632 3885 796 3971 τοξεύσας),

197 3987 241 4051 ubi
260 3988 292 4052 in
315 3987 440 4052 duobus
463 3989 557 4053 trium
583 3989 802 4055 dochmiorum
832 3992 977 4058 thesibus
1006 3992 1118 4056 solutis
1147 3991 1316 4075 insignium

195 4111 359 4168 caesuram,
383 4113 479 4179 quam
502 4091 728 4176 desideramus,
752 4117 820 4160 esse
844 4098 989 4162 omissam
1014 4096 1166 4161 videmus.

287 4195 351 4260 Sed
374 4197 462 4262 locus
482 4196 554 4261 ideo
579 4197 720 4280 offendit,
744 4199 828 4285 quod
851 4199 933 4264 duae
950 4201 1081 4265 ultimae
1097 4200 1186 4265 verbi
1202 4197 1316 4282 τοξήρει

190 4299 325 4381 syllabae
348 4300 379 4364 in
395 4307 532 4367 metrum
547 4300 769 4367 dochmiacum
787 4325 850 4368 non
865 4312 998 4389 possunt
1014 4304 1123 4389 redigi.
1166 4303 1317 4389 Suspicor

190 4423 257 4466 cum
280 4404 451 4491 Hartungo
481 4402 651 4471 delendum
679 4429 747 4474 esse
771 4409 907 4475 alterurn
931 4408 1039 4491 ὕπνον,
1069 4415 1100 4477 et
1126 4409 1314 4477 mutandum
