3038 5010
210 1519 237 1581 1.
284 1517 403 1580 Poetas
419 1516 558 1580 Latinos
579 1535 759 1581 sermonem
781 1507 873 1581 suum
890 1523 992 1583 metro
1015 1538 1034 1582 a
1051 1517 1189 1584 Graecis
1210 1525 1344 1601 accepto

118 1623 414 1688 accommodavisse
455 1623 521 1686 iam
556 1623 738 1704 complures
767 1623 833 1689 viri
872 1624 960 1689 docti
997 1627 1343 1712 demonstraverunt).

118 1731 180 1795 Sed
205 1731 303 1795 etiam
328 1736 443 1811 poetae
468 1730 589 1795 Graeci
613 1730 679 1811 ipsi
707 1737 810 1796 metro
834 1732 1021 1812 postulante
1049 1752 1228 1798 sermonem
1252 1752 1344 1798 suum

119 1844 317 1902 commutare
350 1857 413 1901 non
447 1837 692 1919 dubitaverunt,
729 1844 765 1902 ut
797 1839 956 1904 Homeri
989 1840 1171 1921 exemplum
1204 1840 1346 1905 maxime

117 1945 212 2009 nobis
230 1943 473 2030 demonstrat2).
510 1945 600 2010 Idem
618 1947 705 2027 apud
728 1946 907 2027 tragicos
925 1947 1097 2012 Graecos
1122 1950 1344 2029 observamus

118 2071 251 2131 quorum
277 2052 311 2116 in
334 2053 396 2116 hac
421 2052 550 2132 quidem
575 2054 847 2118 commentatione
869 2054 1001 2135 saepius
1017 2055 1229 2135 comparandi
1245 2073 1345 2119 causa

118 2160 314 2224 mentionem
343 2158 508 2244 faciam3).
557 2160 643 2243 Quin
673 2160 772 2225 etiam
801 2161 959 2242 comici,
994 2180 1188 2240 quamquam
1215 2161 1344 2242 legibus

118 2265 263 2330 metricis
296 2266 418 2347 partim
453 2266 633 2331 liberrimis
669 2269 853 2348 utebantur,
891 2267 1082 2348 saepissime
1114 2267 1211 2332 metri
1244 2287 1345 2334 causa

118 2392 296 2437 sermonem
322 2373 420 2437 aliter
443 2381 684 2454 usurpaverunt
708 2381 805 2453 atque
829 2381 1065 2456 exspectamus.
1112 2376 1252 2456 Propter
1272 2394 1344 2441 eam

118 2480 223 2560 ipsam
257 2500 325 2545 rem
363 2500 514 2562 magnam
553 2481 803 2546 delectationem
841 2483 962 2548 habere
1003 2482 1086 2547 mini
1122 2483 1253 2548 videtur
1294 2483 1344 2546 in-

117 2587 256 2668 quirere,
282 2595 437 2667 quantam
456 2589 522 2655 vim
544 2595 681 2653 metrum
703 2590 737 2653 in
759 2589 955 2655 comicorum
977 2596 1009 2655 et
1030 2591 1171 2655 maxime
1188 2590 1343 2655 Aristo-

117 2695 257 2774 phanis
297 2714 443 2760 sermone
483 2697 716 2761 conformando
755 2697 917 2762 habuerit.
981 2697 1044 2762 Sed
1081 2697 1215 2761 melicos
1254 2697 1343 2762 locos

118 2801 336 2866 excludendos
365 2821 435 2867 esse
464 2805 635 2884 putabam,
666 2823 737 2868 cum
766 2803 801 2867 in
828 2804 881 2868 his
906 2811 938 2868 et
961 2803 1134 2868 difficilior
1157 2803 1215 2867 fiat
1238 2803 1343 2868 omnis

118 2909 356 2989 argumentatio
382 2915 414 2974 et
437 2916 569 2991 praeter
585 2911 682 2974 metri
705 2911 934 2975 necessitatem
950 2910 1057 2992 lyrica
1082 2910 1182 2974 dictio
1207 2911 1342 2974 multum

116 3015 257 3080 rationis
281 3017 437 3081 obtineat.
478 3018 582 3100 Quam
607 3019 647 3083 ob
669 3036 737 3082 rem
760 3017 915 3083 deverbia
939 3023 1066 3082 tantum
1090 3023 1122 3081 et
1144 3036 1199 3081 eas
1220 3023 1342 3098 partes,

118 3141 200 3201 quae
220 3142 413 3202 quamquam
431 3145 450 3188 a
467 3125 565 3189 choro
581 3125 845 3205 pronuntiantur,
870 3131 978 3189 tamen
1002 3143 1066 3188 non
1090 3123 1189 3206 lyrici
1213 3123 1343 3204 generis

117 3236 201 3311 sunt,
227 3231 514 3310 perscrutabimur.

208 3337 236 3400 2.
284 3337 348 3402 Sed
382 3338 572 3418 priusquam
609 3339 652 3402 ad
686 3357 754 3403 rem
790 3339 895 3418 ipsam
928 3340 1094 3419 accedam,
1133 3339 1171 3401 de
1205 3336 1343 3418 impedi-

117 3444 235 3508 mentis
267 3445 395 3524 poetico
430 3445 571 3509 sermoni
605 3445 840 3510 obsistentibus
879 3444 1035 3509 nonnulla
1071 3443 1248 3526 proferam.
1303 3443 1343 3507 In

118 3551 258 3633 dactylis
297 3558 329 3616 et
366 3553 555 3632 anapaestis
593 3552 755 3618 vocabula
792 3552 915 3617 cretica
955 3551 1106 3616 adhiberi
1143 3570 1207 3616 non
1246 3569 1343 3632 posse

117 3678 176 3739 per
199 3678 234 3723 se
259 3658 471 3740 intellegitur.
519 3660 559 3724 In
588 3659 721 3741 iambis,
752 3679 823 3724 eum
852 3659 966 3724 comici
995 3676 1147 3738 magnam
1175 3656 1344 3722 licentiam

208 3871 226 3939 ¹)
241 3872 414 3939 E.Bednara,
431 3872 470 3924 De
484 3887 607 3925 sermone
618 3872 816 3938 dactylicorum
825 3872 986 3924 Latinorum
1001 3872 1184 3936 quaestiones,
1197 3869 1266 3924 Am.
1277 3867 1344 3921 XIV

116 3961 290 4027 p.317soq.,
316 3962 367 4014 532
387 3977 456 4027 sqq.;
485 3961 555 4013 Paul
575 3961 665 4028 blaas,
690 3962 721 4015 A.
736 3962 765 4015 L.
780 3960 834 4012 ΧΠ
858 3961 949 4027 pore
968 3975 1036 4026 sqq.;
1066 3959 1132 4013 Otto
1157 3959 1259 4026 Keller,
1287 3958 1344 4010 Zur

115 4049 295 4102 lateinischen
322 4049 591 4117 Sprachgeschichte,
623 4055 693 4116 part.
713 4050 740 4102 II
765 4051 827 4116 lips
849 4050 916 4103 1895
944 4066 969 4115 p.
989 4049 1040 4101 189
1060 4064 1129 4115 sqq.;
1161 4047 1281 4114 Norden,
1308 4047 1343 4099 ad

116 4139 228 4194 Aeneid.
244 4139 282 4191 VI
302 4139 448 4205 Appendio.
463 4140 495 4194 V.
1082 4162 1084 4167 ·

207 4228 227 4296 2)
247 4228 289 4280 Cf.
310 4229 381 4281 Guil.
397 4228 523 4296 Schulze,
551 4229 731 4294 Quaestiones
751 4230 850 4295 epicae,
871 4226 1067 4281 Gueterslohae
1081 4226 1150 4279 1892
1173 4242 1197 4292 p.
1214 4225 1263 4278 137
1278 4240 1342 4290 sqq.;

115 4317 235 4384 Ellendt,
255 4318 321 4370 Drei
339 4317 506 4370 homerische
525 4316 754 4385 Abhandlungen,
778 4318 825 4383 Lp.
843 4318 919 4382 1861,
939 4333 963 4383 p.
977 4316 994 4368 8
1009 4331 1073 4383 sqq,
1098 4315 1193 4382 Witte,
1214 4313 1344 4382 Singular

104 4406 171 4459 *und
191 4406 295 4473 Plural,
315 4408 425 4473 Lipsiae
445 4407 521 4460 1907.

205 4495 226 4563 ³)
246 4496 348 4548 Eadem
363 4497 394 4548 do
410 4512 493 4549 causa
511 4513 543 4548 ex
562 4496 739 4548 Horondae
761 4495 923 4548 Mimiambis
938 4494 1070 4547 nonnulla
1084 4492 1206 4559 exempla
1220 4491 1340 4544 afferam.

1221 4601 1232 4653 l
