3038 5010
664 498 886 565 ,25..

280 672 414 740 Deinde
438 673 629 741 solutiones
652 673 783 741 diversi
807 672 962 760 generis:

185 780 415 868 Anapaestus
431 791 466 847 et
482 779 692 847 tribrachus:
718 778 824 868 Vesp.
838 802 868 866 4,
887 802 906 868 7
913 801 922 859 ;
940 779 1021 847 Pac.
1038 804 1059 868 4
1066 803 1073 861 ;
1092 783 1160 849 Av.
1174 803 1210 868 4;
1229 780 1313 868 Lys.
1330 801 1366 871 3;

193 907 196 915 ·
349 885 438 953 Ran.
466 908 492 967 1,
517 908 548 975 5.
575 909 610 974 7:
636 885 727 953 Eccl.
752 908 788 974 3:
813 885 900 954 Plut.
927 892 982 974 (4).
1005 889 1036 958 6.

190 993 412 1081 Anapaestus
429 1006 462 1060 et
480 994 653 1081 dactylus:
680 991 827 1081 Vespr,
848 1015 902 1075 10;
920 993 1046 1074 Pac.1;
1064 993 1198 1074 Ran.8;
1212 993 1365 1083 (Eccla).

190 1099 359 1186 Dactylus
384 1111 418 1167 et
441 1099 651 1167 tribrachus:
689 1099 774 1187 Equ.
798 1121 835 1188 9;
869 1099 950 1172 Pac.
975 1123 1010 1188 7;
1044 1100 1112 1168 Av.
1140 1122 1196 1181 103
1221 1101 1305 1189 Lys.
1329 1102 1366 1183 6;

349 1205 437 1274 Ran.
462 1228 498 1295 3;
523 1205 610 1273 Plut.
635 1227 666 1293 3.

190 1306 265 1379 uini
289 1312 467 1400 anapaesti
490 1324 524 1379 et
548 1312 722 1401 dactylus:
749 1316 816 1381 Αν,
845 1335 877 1391 Ι;
902 1313 985 1402 Lys.
1009 1335 1046 1402 9;
1070 1313 1171 1402 (Plut.
1192 1315 1237 1398 8).

194 1438 195 1441 ’
230 1470 245 1502 „
294 1418 470 1507 anapaesti
496 1431 529 1487 et
553 1418 763 1486 tribrachus:
789 1419 881 1502 (Pac.
904 1420 949 1507 8).

186 1524 360 1613 Dactylus
385 1538 419 1593 et
443 1526 513 1593 duo
537 1525 716 1593 tribrachi:
741 1526 829 1598 Ach.
853 1526 886 1595 8.

186 1633 415 1720 Anapaestus
439 1632 634 1700 tribrachus
659 1634 905 1720 dactylusque:
931 1632 1021 1701 Nub.
1046 1657 1077 1705 2.

186 1738 281 1806 'Tres
306 1739 482 1828 anapaesti
507 1752 540 1806 et
565 1739 776 1807 tribrachus:
800 1739 890 1809 Ach.
914 1763 946 1827 4.

280 1863 318 1934 Si
348 1865 506 1933 conferas
538 1866 625 1932 hanc
657 1864 816 1932 tabellam
850 1885 926 1931 cum
956 1863 1020 1932 illis
1045 1865 1246 1945 rationibus,
1278 1886 1367 1953 quas

191 1971 394 2060 Rumpelius
448 1972 473 2043 l..
493 1994 521 2042 c.
563 1994 595 2060 p.
619 1972 685 2057 617
710 1992 787 2058 sqq.
832 1971 958 2054 retulit,
1008 1994 1130 2040 omnes
1172 1972 1246 2040 illas
1290 1993 1367 2041 con·

191 2077 382 2147 iunctiones
412 2079 513 2146 etiam
545 2078 576 2146 in
602 2078 763 2145 trimetro*
782 2077 1029 2168 Aristophanis
1052 2079 1198 2147 inveniri
1222 2092 1368 2170 excepta

192 2182 433 2253 coniunctione
463 2201 653 2253 metrorum
688 2207 813 2253 versus
836 2208 858 2273 4
881 2186 1158 2254 Acharnensium
1184 2185 1264 2254 mihi
1288 2209 1368 2254 con·

189 2292 307 2365 cedas.
1167 2313 1169 2317 ’

194 2430 198 2436 ·
281 2415 420 2501 Quibus
445 2416 606 2502 omnibus
623 2440 667 2484 ex
692 2418 796 2485 rebus
820 2419 852 2485 in
878 2417 929 2485 his
954 2417 1169 2507 argumentis
1193 2417 1368 2507 fingendis

192 2524 285 2591 nullo
308 2523 415 2590 modo
440 2536 537 2591 extra
560 2524 728 2592 licentiam
755 2525 842 2592 illam
880 2525 1066 2608 metricam,
1104 2547 1206 2615 quam
1243 2538 1367 2614 poetae

188 2651 335 2718 quoque
366 2630 487 2697 comici
519 2643 624 2719 atque
655 2631 811 2699 didactici
843 2631 876 2699 in
907 2632 1073 2721 operibus
1097 2631 1169 2700 suis
1194 2631 1366 2700 interdum

189 2739 396 2818 concedunt,
423 2749 600 2805 auctorem
626 2738 747 2826 egredi
772 2738 941 2810 videmus.
988 2738 1037 2807 llli
1065 2737 1367 2827 quoqueversus,

192 2842 225 2909 in
251 2845 375 2931 quibus
400 2845 512 2912 nullus
536 2867 599 2933 pes
624 2846 822 2932 trisyllabus
846 2858 1000 2935 apparet,
1025 2845 1057 2911 in
1083 2846 1134 2912 his
1152 2842 1368 2931 argumentis

189 2951 313 3018 eadem
340 2950 472 3019 ratione
497 2951 723 3038 reperiuntur,
755 2975 823 3042 qua
848 2952 939 3042 apud
966 2951 1237 3040 Aristophanem
1263 2963 1368 3037 atque

191 3072 314 3147 poetas
346 3058 586 3140 didactic0s¹);
620 3059 706 3126 inter
738 3059 828 3126 enim
861 3073 998 3127 centum
1031 3079 1157 3126 versus
1186 3078 1368 3144 argumen-

189 3175 304 3232 torum
337 3165 525 3249 sedecim2)
556 3166 630 3233 sine
663 3167 892 3236 solutionibus
924 3178 982 3233 aut
1011 3163 1206 3253 anapaestis
1239 3174 1366 3246 extant,

192 3271 279 3338 inter
296 3293 384 3359 quos
402 3272 471 3339 duo
490 3274 648 3361 versus³)
672 3284 802 3340 tantum
828 3271 951 3339 iambis
974 3271 1069 3360 puris
1093 3271 1322 3344 continentur.

281 3397 353 3467 Sed
371 3412 408 3465 ut
424 3397 513 3465 hanc
538 3397 805 3486 disputationem
831 3397 1007 3464 metricam
1032 3416 1100 3463 non
1126 3395 1264 3482 longius
1288 3416 1368 3484 pro-

189 3502 326 3584 ducam,
352 3526 461 3593 pauca
487 3504 530 3571 de
555 3504 708 3572 caesuris
732 3503 764 3570 in
790 3502 842 3570 his
860 3501 1020 3570 versibus
1046 3501 1220 3590 usurpatis
1245 3501 1366 3570 dicam.

189 3606 246 3676 Ac
280 3609 426 3698 primum
460 3610 598 3699 quidem
631 3611 724 3699 apud
755 3610 1039 3698 iambographos,
1073 3621 1110 3675 ut
1141 3610 1230 3697 apud
1258 3607 1368 3694 Lyco-

190 3717 362 3804 phronem
380 3716 546 3804 aliosque,
569 3739 690 3784 omnes
705 3738 830 3783 versus
848 3737 992 3782 caesura
1008 3713 1103 3782 incisi
1116 3726 1208 3782 sunt.
1233 3712 1369 3781 Deinde

189 3821 225 3889 in
257 3822 397 3910 tragicis
430 3826 589 3892 versibus
622 3825 797 3892 rarissime
828 3845 973 3891 caesura
997 3822 1110 3903 deest;
1142 3834 1213 3890 tum
1247 3820 1368 3889 comici

284 4056 302 4121 ¹)
323 4059 356 4113 cl.
376 4059 489 4131 Jacoby
509 4061 526 4115 l.
546 4078 569 4115 c.
589 4077 617 4130 p.
636 4062 681 4115 66.

283 4147 302 4213 ¹)
323 4151 396 4205 Ach.
407 4168 432 4221 5,
451 4169 476 4220 9,
499 4167 543 4218 10:
564 4150 635 4220 Equ.
646 4167 671 4219 3,
691 4167 716 4220 7,
735 4151 765 4216 85
785 4148 856 4204 Nub.
871 4166 893 4215 1,
907 4150 936 4216 83
957 4146 1014 4202 Αν.
1024 4164 1049 4217 3,
1064 4163 1092 4217 7,
1112 4143 1229 4211 Ran·6;
1249 4143 1368 4212 Eccl.9;

190 4237 266 4292 Plut.
289 4256 311 4306 1,
331 4256 355 4309 5,
376 4257 400 4310 7,
420 4257 444 4308 9.

284 4327 306 4393 3)
326 4329 397 4398 Equ.
418 4346 447 4398 33
467 4329 523 4382 Αν.
543 4347 568 4400 7.
