3038 5010
667 465 886 532 „29-

189 641 332 730 poribus
367 638 613 708 Alexandrinis
649 661 729 708 esse
764 639 993 708 attribuenda.
1054 640 1142 708 Nam
1180 662 1294 729 neque
1330 641 1376 710 im

190 761 311 829 metro,
337 769 449 835 neque
473 748 505 815 in
531 768 693 815 sermone
717 748 749 815 in
774 747 962 835 quidquam
980 746 1171 829 incidimus,
1197 749 1292 835 quod
1307 749 1378 816 ab·

189 855 348 927 horreret
371 856 414 923 ab
440 855 501 923 illis
526 854 751 943 temporibus.
800 853 894 937 Ergo
918 855 985 922 hoc
1009 877 1115 922 unum
1141 855 1280 923 omnino
1305 855 1368 923 vix

190 962 221 1029 in
239 962 380 1030 dubium
398 961 557 1030 revocari
573 974 698 1050 potest,
725 961 805 1049 quin
824 963 909 1028 baec
926 974 1132 1046 argumenta
1149 962 1379 1050 temporibus,

189 1069 436 1138 Alexandrinis
449 1082 526 1137 orta
538 1069 615 1136 sint.
664 1068 728 1137 Cui
753 1081 866 1136 autem
892 1069 1032 1136 saeculo
1050 1069 1268 1137 attribuenda
1284 1070 1363 1151 sint,

190 1200 257 1245 non
289 1200 353 1267 pro
385 1189 481 1244 certo
513 1176 615 1244 statui
647 1188 773 1265 potest.
821 1175 892 1245 Sed
924 1177 1085 1264 equidem
1115 1176 1223 1245 altero
1248 1179 1379 1267 potius.

190 1306 293 1371 quam
318 1284 429 1373 primo
455 1306 483 1350 a.
503 1283 586 1353 Chr.
604 1305 635 1353 n.
661 1306 703 1352 ea
726 1283 816 1350 facta
840 1305 920 1351 esse
944 1283 1094 1351 credam.

277 1409 423 1477 Habetis
454 1431 566 1476 meum
597 1407 757 1476 iudicium
782 1410 825 1475 de
850 1420 962 1476 aetate
985 1419 1020 1476 et
1042 1408 1158 1477 indole
1181 1430 1379 1498 argumenv

190 1526 302 1583 torum
335 1516 566 1597 metricorum,
601 1537 691 1603 quae
716 1516 759 1582 ad
789 1515 1033 1605 Aristophanis
1059 1516 1190 1583 fabulas
1214 1529 1361 1584 exstant.

189 1622 261 1693 Sed
275 1623 476 1712 priusquam
491 1624 534 1690 de
548 1645 669 1690 eorum
683 1621 817 1709 origine
832 1622 1059 1710 disputemus,
1085 1623 1248 1690 nonnulla
1261 1623 1378 1691 nobis-

189 1729 335 1798 dicenda
359 1741 439 1798 sunt
462 1730 505 1796 de
530 1728 653 1796 ceteris
678 1728 893 1816 argumentis
917 1728 1077 1809 metricis
1110 1751 1201 1817 quae
1225 1742 1364 1797 exstant

189 1837 231 1904 ad
250 1836 430 1905 Menandri
455 1836 616 1914 fabulam,
642 1858 731 1924 quae
755 1836 950 1904 inscribitur
968 1835 1088 1926 Ἥρως,
1114 1837 1157 1904 ad
1174 1835 1379 1925 Sophoclis-

189 1943 412 2011 Philoctetam
438 1957 471 2010 et
496 1942 683 2031 Oedipoda
706 1942 852 2030 Regem.

278 2068 331 2134 Ac
363 2067 509 2155 primum
547 2065 685 2154 quidem
719 2068 762 2134 de
793 2066 919 2134 Herois
948 2067 1129 2135 Menandri
1154 2080 1379 2155 argumento-

189 2196 290 2262 agam
315 2196 425 2262 nuper
450 2196 470 2240 a
494 2173 679 2242 Lefeburio
704 2173 796 2241 edito
806 2176 842 2260 ¹).

242 2340 273 2381 ⁰*
334 2381 336 2385 ·
397 2352 498 2441 Ἄρρεν
523 2377 555 2416 τε
578 2356 658 2438 θῆλύ
681 2353 709 2416 θ’
737 2357 797 2436 ἅμα
820 2361 945 2416 τεκοῦσα
968 2355 1117 2441 παρθένος

403 2464 508 2524 έθωκεν
533 2462 677 2549 ἐπιτρόπῳ
701 2465 835 2549 τρέφειν·
861 2457 915 2525 εἶθ’
936 2462 1062 2549 Ιὕστερον

402 2570 492 2652 ἔγημε
517 2570 567 2631 τὸν
591 2569 762 2655 φθείραντα.
809 2567 910 2630 Ταῦτα
934 2567 958 2631 θ’
985 2569 1110 2632 ὑπέθετο

402 2700 416 2736 ο
440 2680 558 2763 τρέφων
582 2677 659 2762 πρὸς
683 2677 770 2760 αὐτὸν
795 2679 916 2759 ἀρνοιῖνν.
965 2677 1106 2763 Θεράπων
1129 2679 1161 2740 θέ
1185 2700 1233 2750 τις

362 2803 374 2841 ο
404 2785 537 2846 ἐνέπεσεν
563 2786 606 2856 εἰς
630 2786 727 2872 ἔρωτα
749 2793 808 2868 τῆς
832 2785 974 2857 νεάνιδος.

402 2890 559 2972 ὁμόδουλον
585 2885 654 2953 εἶναι
678 2891 834 2974 διαλαβών,
885 2891 997 2954 Γείτων
1020 2893 1050 2954 θέ
1075 2914 1122 2964 τις

402 2999 586 3084 προηδικήκει
611 3000 686 3080 μετὰ
710 2998 779 3081 βίας
802 2999 856 3083 τὴν
881 3001 1012 3084 μείρακα.

403 3104 457 3188 τὴν
482 3106 574 3167 αἰτίαν
598 3103 644 3190 ἐφ’
670 3104 772 3166 ἑαυτὸν
797 3105 811 3164 ο
834 3105 973 3190 θεράπων
998 3109 1132 3191 στρέφειν

403 3208 549 3294 ἐβούλετ’,
574 3212 625 3272 οὐκ
649 3212 736 3273 εἰδυῖα
759 3209 784 3273 θ’
809 3213 828 3295 ἡ
854 3215 952 3296 μήτηρ
979 3209 1050 3292 ἄρον

349 3339 374 3377 ιο
403 3318 594 3403 έθοογέμαινε,
619 3324 795 3403 καταφανῶν
819 3316 850 3379 δέ
893 3321 1049 3398 ενομένων,

402 3426 483 3511 εὐρεν
509 3424 560 3506 μέν
585 3427 599 3485 ὁ
624 3429 715 3512 φέρων
740 3424 812 3497 τοὺς
838 3425 942 3487 ἑαυτοῦ
967 3427 1124 3511 ρνωρίοας,

403 3533 416 3591 ὁ
440 3529 619 3616 θ’ἠθικηαὼς
643 3532 732 3614 έλαβε
756 3531 811 3616 τὴν
836 3536 926 3617 κόρην
949 3533 1058 3595 θέλων.

277 3670 425 3739 Duobus
450 3671 533 3739 locis
558 3684 688 3738 textum
713 3671 853 3740 mutavi.

280 3787 309 3857 1)
335 3777 469 3846 Versus
494 3794 546 3846 est
570 3779 715 3846 traditus
740 3780 802 3846 sic:

447 3905 533 3992 ἄρρεν
558 3913 681 3968 τεκοῦσα
704 3907 853 3986 παρθένος
876 3906 955 3989 θῆλύ
978 3904 1008 3967 θ’
1034 3910 1094 3987 ἅμα

189 4048 278 4114 quae
303 4029 411 4096 verba
434 4029 542 4095 teneri
566 4051 635 4094 non
660 4040 816 4116 possunt,
846 4029 940 4115 quod
971 4029 1089 4114 quinta
1113 4026 1145 4092 in
1170 4029 1237 4095 arsi
1262 4029 1378 4117 sylla·-

279 4207 298 4274 ¹)
319 4207 494 4277 Fragments
508 4207 574 4260 d'un
594 4205 753 4261 manuscrit
773 4207 810 4261 de
824 4206 995 4274 Menandre,
1015 4207 1191 4261 decouverts
1205 4216 1233 4261 et
1247 4206 1379 4276 publies-

188 4314 242 4367 par
260 4296 297 4351 M.
319 4296 450 4351 Gustave
469 4296 624 4363 Lefebvre,
645 4296 687 4350 Le
708 4295 793 4350 Caire
816 4312 892 4366 1907.
