3038 5010
274 1111 396 1196 Negari
432 1134 494 1175 non
529 1117 636 1197 potest
676 1111 764 1175 haud
792 1112 962 1196 vulgarem
997 1111 1162 1176 licentiam
1194 1117 1326 1198 poetam

188 1213 377 1278 adhibuisse
400 1216 433 1278 in
457 1214 691 1279 conscribenda
713 1216 775 1279 hac
798 1215 950 1301 stropha;
972 1236 1048 1279 nam
1069 1236 1141 1280 cum
1164 1215 1234 1280 iure
1259 1221 1325 1280 sta-

189 1326 281 1383 tuere
299 1318 466 1383 videamur
488 1319 710 1383 choriambum
733 1319 766 1383 in
789 1339 887 1383 versu
909 1318 1014 1400 tertio,
1038 1319 1071 1383 in
1095 1341 1193 1384 versu
1215 1319 1327 1405 quinto

188 1422 263 1487 huic
286 1429 389 1487 metro
410 1443 593 1509 repugnare
614 1423 764 1487 videntur
783 1423 930 1507 syllabae
952 1481 970 1494 ,
985 1471 1018 1503 -,
1037 1444 1119 1509 quae
1139 1428 1327 1509 sequuntur.

190 1526 255 1591 Sed
279 1527 428 1611 quoniam
452 1526 587 1591 dubium
610 1532 765 1607 nonest,
789 1527 864 1612 quin
889 1532 1000 1592 sextus
1024 1533 1058 1592 et
1080 1528 1237 1613 septimus
1263 1527 1327 1591 sint

188 1631 319 1695 iambici
347 1651 476 1711 versus,
506 1630 742 1716 praecedentes
774 1652 902 1716 quoque
933 1630 974 1696 ad
1005 1630 1132 1695 iambos
1161 1631 1327 1716 pertinere

190 1734 389 1799 eredendum
427 1740 485 1800 est.
541 1734 649 1809 Quare
691 1735 812 1820 primas
852 1735 994 1821 quinque
1039 1735 1183 1819 syllabas
1226 1735 1325 1799 huius

190 1841 343 1925 strophae
368 1846 444 1904 tone
468 1840 645 1925 productas
676 1861 749 1904 esse
773 1839 948 1904 verisimile
973 1846 1039 1920 est,
1069 1845 1105 1903 ut
1127 1840 1190 1904 duo
1214 1841 1326 1906 eveni-

189 1950 247 2007 ant
263 1944 381 2029 integri
398 1944 527 2008 dimetri
553 1944 692 2009 iambici.
738 1943 830 2007 Tone
860 1950 969 2008 autern
998 1945 1031 2006 in
1055 1945 1210 2031 strophae
1234 1945 1326 2009 initio

190 2054 325 2128 statuta,
355 2046 435 2110 nihil
457 2046 608 2132 impedit,
641 2046 813 2132 quominus
837 2046 976 2111 similem
999 2047 1161 2112 licentiam
1186 2069 1205 2113 a
1228 2054 1328 2134 poeta

188 2153 221 2216 in
244 2172 342 2215 versu
365 2150 476 2235 quinto
508 2149 684 2214 admissam
709 2171 783 2215 esse
811 2156 961 2236 putemus
990 2156 1088 2237 atque
1117 2152 1214 2215 trium
1243 2156 1327 2217 tem·

189 2277 305 2342 porum
323 2255 531 2320 intervallum
557 2253 777 2340 suppleamus,
803 2252 886 2339 quod
908 2274 947 2318 eo
967 2253 1096 2318 facilius
1117 2255 1188 2320 fieri
1204 2260 1327 2341 potest,

191 2360 267 2444 quia
295 2365 369 2444 post
391 2359 525 2423 verbum
552 2357 673 2422 ποδοῖν
700 2363 821 2444 puncto
853 2378 959 2422 sermo
983 2358 1093 2422 finitur
1116 2363 1148 2423 et
1171 2359 1329 2423 transitur

191 2463 232 2529 ad
255 2465 400 2547 integros
429 2462 571 2537 iambos:
603 2463 666 2526 nisi
695 2462 780 2526 forte
809 2463 842 2525 in
868 2462 930 2525 hoc
955 2483 1084 2548 quoque
1107 2484 1204 2527 versu
1226 2464 1326 2550 sylla-

190 2567 267 2630 bam
289 2566 360 2631 δοῖν
383 2566 423 2630 ad
446 2566 587 2650 quinque
611 2572 794 2652 temporum
817 2570 1016 2652 potestatem
1039 2573 1115 2631 tone
1135 2566 1327 2652 productam

192 2692 266 2736 esse
291 2669 425 2734 eredere
449 2670 554 2733 mulis.

276 2782 455 2846 Praeterea
488 2783 520 2845 in
553 2780 604 2845 his
635 2781 828 2866 fragmentis
859 2780 1099 2866 Aristophanes
1133 2782 1330 2848 choriambis

191 2908 271 2951 usus
295 2892 361 2951 est:
612 2924 617 2936 ·

564 2990 603 3052 fr.
628 2992 668 3052 96
692 2988 741 3054 ed.
765 2988 917 3053 Dindorf:
935 2989 959 3071 1)

316 3102 472 3193 οἴδαμέν
495 3102 630 3195 ἀρχαῖόν
651 3134 683 3174 τι
707 3109 791 3194 δρῶν
812 3101 905 3191 κούχὶ
928 3103 1037 3196 λέληθ’
1064 3104 1204 3194 ἐμαυτόν

570 3330 607 3398 fr.
635 3338 694 3398 117
719 3333 770 3400 ed.
793 3333 948 3398 Dindorf:

525 3445 582 3512 aci
607 3439 647 3513 δι’
673 3445 760 3534 ὀπῆς
781 3438 868 3512 κάπὶ
889 3442 1002 3531 τέγους

598 3673 638 3738 fr.
662 3674 723 3735 533
748 3671 799 3737 ed.
815 3670 932 3737 ‘Kockz

538 3776 781 3870 ἀλφιτόχρωτος
802 3782 947 3871 κεφαλῆς

284 4011 399 4096 Neque
424 4011 509 4075 enim
534 4032 616 4095 opus
639 4009 770 4074 videtur
793 4030 866 4074 esse
892 4029 964 4072 eum
986 4007 1114 4073 Kockio
1139 4010 1330 4075 existimare

200 4138 242 4181 ex
265 4116 411 4179 trimetro
428 4120 585 4200 excerpta
600 4114 684 4179 haec
701 4113 859 4177 vocabula
875 4133 948 4177 esse
966 4112 1089 4177 inserte
1104 4114 1189 4177 inter
1205 4120 1331 4178 utrum-

271 4289 291 4356 1)
310 4287 457 4356 Westphal
470 4287 515 4339 11²
528 4304 556 4356 p.
566 4285 616 4339 770
628 4285 775 4356 priapeum
791 4283 912 4354 primum
928 4284 981 4341 hoc
996 4285 1184 4355 fragmentum
1198 4285 1332 4356 appellat.
