3038 5010
665 478 878 544 ,45-

185 665 217 718 et
232 651 345 719 indole
358 653 599 741 prologorum
624 665 660 719 ut
673 666 789 741 putem
809 653 853 732 id,
880 653 974 739 quod
988 653 1112 721 summi
1125 654 1287 722 momenti
1305 667 1358 722 est

185 759 227 825 ad
237 759 325 826 hanc
335 771 440 826 totam
452 758 690 847 quaestionem
705 759 974 848 disceptandam,
989 783 1070 829 esse
1082 759 1358 828 demonstratum

184 867 249 933 hos
259 867 427 955 prologos
436 868 559 935 talibus
571 866 720 935 artificiis
728 880 873 936 ornatos
885 880 918 935 et
928 879 998 934 tum
1012 867 1143 936 exiliter
1153 865 1253 936 fictos
1265 891 1358 935 num·

185 996 288 1061 quam
303 975 493 1042 destinatos
507 997 586 1042 esse
600 974 644 1041 ad
657 975 903 1062 spectaculum.
934 973 1165 1042 Wilamowitz
1179 997 1248 1041 non
1264 987 1358 1042 recte

184 1081 297 1147 facere
322 1080 402 1148 mihi
421 1079 566 1163 videtur,
593 1082 687 1169 quod
704 1082 724 1149 l.
740 1103 767 1148 c.
787 1083 852 1148 hos
869 1081 1040 1170 prologos
1064 1093 1197 1170 partem
1223 1102 1358 1149 comoe·

185 1187 261 1255 diae
278 1211 357 1256 esse
375 1187 463 1259 dicit.
511 1188 582 1256 Sed
600 1188 795 1277 posteriore
812 1189 890 1255 loco
911 1188 955 1255 ad
981 1189 1067 1256 hanc
1092 1210 1165 1256 rem
1191 1200 1357 1259 revertar.

275 1296 374 1362 Nunc
391 1317 502 1384 pauca
519 1297 563 1363 de
580 1309 654 1363 arte
675 1295 816 1363 metrica
840 1295 1080 1383 prologorum.
1128 1294 1258 1363 Prioris
1282 1318 1358 1385 pro·

184 1403 254 1490 logi
279 1416 399 1469 auctor
416 1404 448 1469 in
470 1402 665 1492 anapaestis
691 1403 895 1471 adhibendis
921 1402 1073 1470 comicos
1098 1402 1358 1491 didacticosque

185 1521 306 1598 poetas
331 1524 473 1577 secutus
503 1522 565 1578 est.
614 1510 702 1577 Nam
728 1510 904 1598 anapaesti
929 1509 1149 1577 inveniuntur
1172 1521 1226 1577 ter
1248 1509 1357 1600 prima

184 1617 215 1684 in
241 1618 325 1684 sede
351 1624 395 1700 (v.
408 1639 440 1706 5,
464 1617 494 1699 6,
523 1621 591 1703 12);
617 1617 725 1685 semel
749 1618 855 1684 altera
880 1616 911 1684 in
937 1618 1023 1685 sede
1047 1623 1092 1698 (v,
1109 1627 1155 1700 11;
1182 1616 1234 1685 bis
1260 1617 1358 1685 tertia

184 1723 215 1790 in
240 1725 324 1791 sede
348 1726 394 1811 (v.
413 1747 461 1804 11,
482 1732 551 1807 12);
577 1725 684 1792 semel
710 1737 833 1813 quarta
857 1724 889 1791 in
915 1725 1000 1792 sede
1025 1725 1071 1812 (v.
1085 1726 1119 1806 6)
1129 1747 1137 1805 ς
1163 1724 1215 1792 bis
1241 1724 1358 1814 quinta

184 1831 215 1898 in
241 1831 325 1897 sede
350 1839 394 1913 (v.
413 1853 445 1920 5,
473 1840 535 1912 11).
585 1831 663 1917 Qua
688 1855 731 1898 ex
756 1854 793 1898 re
818 1831 850 1897 in
876 1830 1022 1920 primum
1048 1831 1172 1921 pedem
1199 1831 1299 1900 ctiam
1324 1831 1357 1898 in

185 1939 249 2005 hoc
267 1939 416 2027 prologo
434 1952 469 2005 ut
486 1939 577 2027 apud
603 1951 724 2026 poetas
750 1938 902 2006 comicos
928 1938 1058 2007 facilius
1084 1961 1186 2028 quam
1212 1938 1245 2007 in
1270 1951 1358 2006 cete·

185 2067 244 2112 ros
273 2046 382 2133 pedes
407 2045 536 2112 admitti
561 2054 787 2133 anapaestum
812 2045 982 2113 videmus.
1020 2030 1222 2134 ⁴llnapaesti
1245 2067 1314 2112 una
1338 2068 1358 2113 θ

185 2174 272 2218 voce
297 2152 478 2240 compositi
503 2166 582 2218 sunt
606 2152 657 2218 hi:
683 2175 715 2221 v.
737 2175 764 2239 1,
787 2174 819 2241 5.
844 2153 874 2233 6,
905 2175 952 2232 11,
983 2175 1037 2234 12;
1063 2153 1199 2220 duabus
1225 2175 1244 2220 e
1268 2152 1357 2220 voci·

186 2260 249 2326 bus
273 2271 347 2325 arte
372 2261 654 2327 cohaerentibus:
679 2282 712 2326 V.
729 2282 761 2348 5,
785 2260 816 2340 6,
845 2282 895 2339 11,
924 2282 963 2326 12
1023 2259 1106 2326 ltem
1131 2271 1253 2327 auctor
1277 2282 1355 2326 cum

184 2366 294 2454 poetis
313 2366 452 2433 comicis
469 2365 502 2432 in
521 2365 665 2453 dactylis
683 2363 935 2453 tribrachisque
957 2365 1168 2454 usurpandis
1185 2365 1355 2452 congruit.

184 2473 367 2560 Dactylum
405 2473 493 2540 enim
531 2474 781 2557 investigamus
814 2497 843 2545 v.
866 2498 887 2560 4
911 2473 1020 2563 prima
1056 2473 1087 2540 in
1125 2475 1219 2556 sede,
1257 2496 1357 2544 v.10

183 2580 281 2647 tertia
306 2594 339 2647 et
363 2580 480 2669 quinta
505 2581 536 2646 in
562 2581 657 2652 sede.
704 2580 820 2649 Semel
838 2588 883 2666 (v.
901 2581 932 2668 4)
954 2580 1080 2667 dactyli
1104 2581 1258 2668 syllabae
1284 2583 1356 2648 bre·

183 2709 245 2754 ves
270 2687 401 2754 divisae
425 2699 505 2755 sunt
529 2688 616 2755 inter
640 2688 727 2754 duas
752 2709 874 2769 νοθθε,
903 2690 964 2755 sed
991 2710 1059 2755 non
1086 2699 1206 2754 contra
1230 2686 1354 2774 legem,

184 2817 260 2860 nam
293 2795 391 2861 tertia
422 2795 548 2882 dactyli
580 2795 714 2883 syllaba
744 2808 797 2861 est
831 2794 1040 2861 vocabulum
1077 2794 1353 2880 monosyllabum

184 2901 386 2974 encliticum
434 2902 615 2970 Tribrachi
640 2914 808 2991 apparent
832 2901 884 2969 bis
909 2902 1017 2990 prima
1042 2902 1074 2968 in
1099 2903 1183 2969 sede
1207 2903 1251 2990 (v.
1261 2924 1292 2982 2,
1305 2905 1355 2988 9);

184 3009 234 3076 bis
264 3011 362 3077 tertia
393 3009 425 3076 in
458 3009 543 3078 sede
567 3011 614 3098 (v.
632 3032 681 3098 13,
710 3016 776 3097 14l;
814 3009 866 3077 bis
891 3021 1014 3096 quarta
1039 3009 1068 3076 in
1094 3010 1179 3077 sede
1204 3015 1248 3093 (v,
1266 3031 1293 3091 1,
1309 3011 1354 3095 2).

69 3174 71 3177 .
184 3114 342 3199 Quorum
376 3116 581 3205 compositio
606 3129 659 3184 est
683 3117 803 3184 eadem
830 3138 870 3184 ac
894 3116 926 3183 in
954 3116 1167 3199 argumentis
1192 3115 1356 3201 metricis;

182 3222 213 3288 in
248 3246 280 3290 v.
306 3245 326 3289 2
356 3226 425 3298 νεὸς
455 3223 595 3313 &litterale
626 3224 774 3291 eundem
807 3223 1016 3290 tribrachum
1049 3222 1161 3290 minus
1192 3223 1353 3291 usitatum

182 3330 385 3405 invenimus.
411 3352 514 3417 quem
539 3330 571 3397 in
598 3330 791 3418 argumenti
816 3330 916 3398 Pacis
941 3353 973 3398 ν.
998 3353 1029 3417 4.

271 3439 424 3506 Alterius
456 3438 593 3527 prologi
622 3449 768 3505 metrum
800 3439 843 3505 ad
868 3437 1057 3505 trimetrum
1084 3436 1252 3524 tragicum
1279 3460 1353 3525 pro·

182 3544 258 3633 pius
290 3545 436 3630 accedit;
467 3568 544 3613 nam
577 3545 664 3613 inter
694 3558 857 3632 quattuor
881 3556 1099 3634 anapaestos
1134 3544 1190 3632 qui
1222 3543 1289 3611 hoc
1320 3545 1352 3611 in

181 3652 331 3739 prologo
351 3653 581 3733 inveniuntur,
607 3664 678 3719 tres
695 3652 804 3740 prima
821 3652 853 3719 in
869 3652 954 3720 sede
967 3663 1135 3740 apparent
1149 3659 1194 3733 (v.
1203 3652 1274 3739 3,6,
1287 3663 1354 3737 11);
1395 3727 1397 3731 ¹

183 3773 325 3844 quartus
358 3771 470 3826 autem
503 3770 616 3826 exstat
641 3771 762 3847 quarta
787 3758 819 3826 in
846 3760 931 3827 sede
956 3767 1001 3842 (v.
1029 3762 1093 3845 14).
1140 3757 1354 3826 Tribrachus

182 3878 293 3931 autem
312 3866 435 3932 eodem
455 3866 559 3931 modo
584 3865 759 3932 admissus
783 3879 835 3933 est
860 3888 899 3932 ac
923 3865 1039 3954 priore
1064 3866 1096 3931 in
1121 3866 1285 3954 prolog03
1310 3865 1354 3931 in-

182 3973 317 4039 venitur
349 3973 437 4038 enim
473 3986 595 4059 quater
626 3986 749 4060 quarta
781 3972 813 4038 in
847 3973 932 4040 sede
963 3974 1009 4060 (v.
1034 3996 1064 4054 2,
1089 3974 1120 4048 6,
1144 3994 1176 4058 9,
1206 3974 1267 4059 11),
1301 3973 1353 4039 bis

182 4079 289 4167 prima
321 4081 352 4145 in
378 4079 463 4146 sede
489 4081 534 4165 (v.
562 4101 589 4156 r,
618 4081 684 4164 10),
717 4078 769 4146 bis
801 4079 955 4146 secunda
986 4077 1018 4146 in
1050 4079 1135 4146 sede
1159 4082 1204 4162 (v.
1229 4080 1259 4159 8,
1289 4079 1352 4166 12).

182 4184 271 4252 lnter
303 4208 392 4272 quos
423 4187 491 4251 duo
524 4185 685 4252 tribrachi
718 4197 798 4252 sunt
823 4185 1003 4274 compositi
1029 4209 1048 4252 e
1072 4186 1181 4253 tribus
1207 4185 1352 4252 vocibus

181 4295 225 4378 (v.
251 4315 281 4374 2,
310 4295 377 4378 ιο),
407 4295 469 4360 sed
502 4315 579 4360 cum
605 4294 759 4360 secunda
783 4293 917 4379 syllaba
940 4293 982 4360 sit
1007 4292 1229 4381 praepositio
1264 4314 1353 4379 quae
