3038 5010
598 477 601 485 ,
716 418 805 502 [183]

189 613 277 696 quod
303 613 490 679 Heimsoeth
514 611 691 698 proposuit,
715 633 786 675 cum
810 610 913 675 codex
937 611 1103 676 exhibeat:

450 719 600 779 ποταίνιον
623 714 754 778 κλύουσα
777 711 914 795 πάταγον
935 712 1064 796 ἄμμιγα.

196 821 284 896 Quae
307 822 492 886 coniectura
516 821 575 884 etsi
606 820 702 903 plena
731 840 801 883 cum
834 841 928 882 versu
960 820 1187 904 antistrophico
1211 842 1241 884 v.
1266 823 1327 884 233

198 925 240 990 δαὶ
256 933 338 990 θεῶν
360 923 444 989 πόλιν
462 930 467 1002 1
488 921 636 1003 νεμό,ιιε11’
659 922 816 1003 αἰῒάματον
838 924 1044 1007 responsione
1069 925 1215 988 restituta
1244 945 1328 988 com·

202 1030 370 1110 mendatur,
394 1036 500 1093 tamen
531 1028 647 1091 dubiae
674 1028 748 1090 fidei
778 1027 850 1092 ideo
882 1028 1049 1112 estquod
1080 1031 1196 1092 reiecta
1227 1028 1331 1092 forma

205 1135 312 1198 usitata
334 1132 454 1215 ἄμμιγα
478 1120 548 1210 (cfr.
565 1131 664 1216 Soph.
679 1129 793 1195 Traeh.
810 1133 872 1194 839
888 1132 1080 1214 μελαγχαίτα
1100 1133 1126 1195 τ’
1143 1130 1263 1214 ἄμμιγα
1285 1161 1328 1195 νιν

210 1237 312 1319 atrita)
340 1238 442 1302 forma
472 1236 682 1299 introducitur
713 1237 745 1298 in
773 1235 925 1318 Aeschyli
958 1237 1131 1301 orationem
1163 1259 1210 1312 ea,
1241 1237 1329 1301 ouius

211 1362 299 1426 neque
312 1343 343 1406 in
359 1341 452 1406 huius
468 1362 572 1427 neque
585 1342 618 1403 in
633 1347 810 1405 ceterorum
826 1347 994 1423 poetarum
1006 1339 1199 1422 tragicorum
1215 1339 1330 1404 fabulis

215 1447 298 1508 ullum
310 1446 424 1530 legitur
441 1445 633 1528 exemplum.
664 1443 745 1507 Cum
761 1444 866 1507 locum
883 1465 952 1508 esse
968 1449 1153 1527 corruptum
1169 1445 1209 1508 ab
1231 1445 1330 1509 inter·

216 1551 349 1632 polatore,
374 1541 428 1634 qui
450 1549 607 1613 violenter
630 1570 702 1613 eum
726 1547 757 1610 in
781 1547 959 1611 trimetrum
987 1548 1157 1611 iambicum
1181 1549 1328 1633 redigere

219 1654 339 1734 voluerit,
362 1675 455 1719 nemo
478 1675 543 1718 non
565 1653 683 1723 videat,
705 1673 780 1715 num
805 1650 888 1714 facili
911 1650 1051 1716 remedio
1076 1652 1215 1734 genuina
1232 1654 1330 1736 scrip-

219 1762 275 1819 tura
302 1758 423 1822 restitui
455 1757 556 1841 possit
586 1756 708 1820 dubito.
762 1754 941 1819 Probabilis
977 1754 1154 1819 emendatio
1191 1777 1262 1819 cum
1297 1757 1329 1818 in

221 1868 344 1945 promptu
361 1882 425 1925 non
443 1861 492 1936 sit,
510 1858 713 1942 peritioribus
726 1857 901 1921 sanandum
914 1857 1202 1922 commendaverim
1215 1859 1329 1922 locum.

715 2126 732 2207 s
757 2129 806 2189 rs.

300 2274 410 2341 Altera
433 2273 540 2338 classis
563 2272 696 2336 efficitur
726 2273 763 2335 iis
788 2272 952 2352 dochmiis,
976 2294 1056 2357 quos
1079 2273 1158 2337 falsa
1182 2275 1327 2340 distribu-

222 2376 287 2442 tione
308 2386 392 2442 ortos
416 2399 484 2442 esse
508 2377 643 2442 confido.
688 2376 724 2438 In
751 2376 863 2440 horum
888 2396 1052 2440 numerum
1076 2377 1232 2444 referendi
1254 2379 1328 2442 mihi

222 2480 342 2547 videntur
364 2487 514 2566 quattuor
535 2481 606 2562 loci,
635 2481 750 2544 Aescb.
781 2480 843 2564 Ag.
870 2481 1085 2561 140721426,
1118 2481 1216 2567 Soph.
1248 2483 1328 2548 Oed.

221 2581 270 2646 Col.
295 2589 379 2664 1479,
403 2584 483 2681 Oed.
507 2606 566 2648 ren
592 2584 1006 2668 1313-1320‚Eur.1ph.
1031 2584 1126 2649 Taur.
1150 2588 1224 2650 871.

302 2694 315 2753 1
341 2696 374 2752 et
398 2687 433 2771 2)
456 2689 570 2752 Aescb.
595 2691 656 2772 Ag.
683 2692 763 2753 1407
781 2710 787 2750 :
807 2690 889 2751 1426
912 2689 1104 2752 recentiores
1128 2691 1266 2755 editores
1285 2692 1329 2755 ita

221 2789 412 2876 distinguunt:

342 2939 389 3023 (τί
410 2939 511 3016 κακὸν,
535 2936 560 3003 ul
584 2939 696 3024 privato)
719 2941 929 3025 χθονοτρεφὲς
952 2939 1062 3004 tonali

341 3041 379 3128 (ἢ
402 3042 495 3107 ποτὸν
517 3043 676 3125 πασαμένα
699 3044 791 3128 ῥυτᾶς
814 3047 845 3119 ἐξ
868 3042 938 3121 οἱλός
960 3042 1116 3127 ὄρμενον),

249 3181 301 3238 ant.
336 3171 555 3256 (μεγαλόμητις
578 3171 631 3258 νζ)
655 3175 821 3258 περίφρονα
844 3172 983 3250 δ’ἕλακες·

342 3275 459 3359 (ὥσπερ
482 3275 536 3342 οὖν
559 3284 713 3362 φονολιβεῖ
732 3276 809 3366 τύχᾳ
834 3275 916 3362 φρήν
938 3278 1151 3363 inspicimur),

219 3420 244 3476 ut
260 3415 342 3480 locus
367 3422 490 3480 constet
514 3440 553 3481 ex
570 3417 649 3480 binis
666 3417 829 3494 dochmiis,
845 3417 897 3500 qui
914 3420 1064 3481 creticum
1083 3418 1219 3503 cingant,
1242 3430 1328 3487 recte

218 3515 372 3602 inprobata
396 3519 529 3584 Seidleri
552 3519 714 3600 divisione,
739 3522 792 3606 qui
816 3518 922 3584 ἐδανόν
939 3518 958 3603 ἧ
975 3520 1085 3585 ποτόντ
1108 3521 1209 3600 ἔλακες
1225 3522 1327 3609 ώόναρ

218 3614 258 3682 οὖν
276 3623 452 3688 dochmium
481 3624 607 3688 efficere
636 3630 753 3703 censet,
784 3625 833 3688 cui
862 3631 1013 3709 quattuor
1043 3626 1186 3711 syllabae
1215 3628 1329 3694 breves

216 3727 420 3811 χθονοτρεφὲςε
445 3730 609 3810 περίφρονα
632 3730 661 3791 ‹l’
684 3730 747 3792 sint
769 3730 972 3812 praemissae.
1018 3730 1064 3794 Ut
1093 3730 1220 3815 reliquis
1251 3733 1328 3798 locis

217 3827 363 3915 plerisque,
388 3831 501 3915 quibus
525 3831 649 3897 Seidler
672 3839 823 3916 quattuor
845 3834 983 3918 syllabas
1007 3834 1118 3899 breves
1136 3837 1328 3919 praecedere

217 3927 344 3999 dochmio
369 3935 414 4000 ait
437 3934 493 4018 (de
517 3937 641 4001 dochm.
664 3959 694 4022 p.
720 3938 914 4022 153-156),
937 3941 1025 4003 velut
1048 3940 1145 4024 Soph.
1162 3939 1241 4004 Oed.
1260 3939 1328 4004 Col.

218 4039 281 4104 1441
297 4064 304 4103 :
323 4043 415 4116 1462,
438 4039 514 4104 Eur.
532 4041 616 4105 Med.
638 4043 717 4105 1280
734 4063 740 4103 :
760 4045 852 4122 1291,
876 4043 925 4107 ΕΙ.
944 4046 1026 4107 1149
1043 4065 1050 4106 :
1071 4046 1162 4123 1157,
1186 4043 1238 4106 Or.
1258 4045 1328 4124 171,

215 4143 292 4207 ctiam
314 4145 376 4209 boc
398 4145 469 4210 loco
500 4145 667 4209 dochmius
697 4152 729 4210 et
760 4147 892 4210 creticus
923 4148 973 4212 vel
1003 4153 1155 4232 quattuor
1185 4145 1329 4231 syllabae

215 4242 311 4313 breves
328 4256 359 4312 et
378 4248 543 4312 dochmius
559 4249 599 4312 ad
619 4249 829 4334 tetrapodiam
845 4251 1010 4314 iambicam
1028 4257 1101 4314 sunt
1117 4249 1347 4324 consociandi„

213 4347 301 4418 Locus
324 4354 422 4436 igitur
445 4353 488 4415 sic
513 4359 561 4417 est
584 4353 834 4418 distribuendus:
