3038 5010
761 308 781 371 2

163 521 197 587 in
230 520 419 603 anapaestis
452 540 510 603 pro
545 520 663 586 iambis
699 521 858 603 ponendis
894 521 958 587 sibi
994 518 1271 607 permitterent1),
1307 519 1393 585 nihil

165 629 257 693 aliud
276 628 342 693 nisi
363 628 465 693 series
487 632 642 708 quattuor
656 629 829 709 longarum
850 628 1054 711 syllabarum
1074 632 1178 693 metro
1195 627 1392 710 excluditur,

162 737 248 816 quod
276 736 310 800 iu
339 735 529 818 systematis
561 735 713 801 iambicis
742 736 776 800 in
805 738 959 817 secundo,
991 742 1107 816 quarto
1136 741 1197 800 etc.
1222 736 1304 816 pede
1331 754 1392 817 pro

162 842 269 907 iambo
294 843 347 908 vel
371 848 550 923 anapaesto
576 844 738 924 spondeus
761 843 840 924 poni
870 863 933 907 non
962 848 1101 924 poterat.
1149 843 1233 908 Item
1260 843 1296 907 in
1323 848 1392 908 tro-

162 949 286 1014 chaicis
317 949 507 1033 systematis
535 949 675 1031 prImus,
706 950 823 1015 tertius
848 956 907 1015 etc.
933 969 991 1031 pes
1020 969 1121 1032 purus
1146 969 1216 1016 esse
1241 951 1391 1016 debebat.

161 1056 296 1122 Nullam
319 1056 506 1122 libertatem
530 1063 703 1137 praeterea
727 1058 874 1122 admittit
899 1058 1042 1122 trimetri
1071 1057 1204 1123 ultimus
1232 1077 1305 1140 pes,
1336 1057 1393 1138 qui

163 1182 290 1244 semper
305 1183 406 1245 purus
428 1163 555 1228 iambus
572 1163 625 1229 vel
646 1165 857 1246 pyrrhichius
879 1184 950 1229 esse
967 1166 1071 1229 debet.
1108 1164 1258 1245 Denique
1274 1164 1393 1230 comici

162 1276 199 1334 ut
221 1270 353 1351 plurimi
378 1275 495 1352 poetae
519 1271 643 1335 hiatum
669 1271 795 1335 evitare
819 1273 1002 1352 studebant,
1029 1290 1112 1350 quae
1136 1290 1189 1336 res
1213 1290 1312 1354 saepe
1336 1290 1392 1336 eos

166 1378 350 1459 commovit,
376 1383 412 1442 ut
436 1381 477 1443 ab
502 1378 624 1443 usitato
648 1397 796 1443 sermone
821 1378 1038 1443 deflecterent.

252 1485 378 1567 Quibus
405 1487 503 1549 rebus
532 1485 691 1565 expositIs
722 1485 904 1566 rideamne,
938 1504 999 1564 quo
1028 1487 1122 1550 modo
1151 1484 1266 1551 comici
1293 1484 1392 1549 metri

163 1591 397 1672 Impedimenta
432 1591 662 1673 superaverint
670 1590 704 1671 2).
762 1592 810 1656 Ac
843 1592 981 1673 primum
1018 1591 1146 1673 quidem
1182 1610 1318 1674 agamus
1352 1593 1392 1657 de

164 1717 317 1764 sonorum
342 1699 569 1764 alternatione.

485 1895 514 1960 l.
543 1894 595 1960 De
619 1913 791 1962 sonorum
815 1896 1069 1963 alternatione.

620 2040 647 2102 1.
677 2039 731 2102 De
755 2039 939 2122 synizesi.

255 2165 284 2226 3.
331 2163 494 2244 Persaepe
518 2164 605 2244 apud
629 2182 739 2227 omnes
762 2169 877 2244 poetas
907 2163 1110 2246 synizesin
1133 2163 1316 2229 adhibitam
1340 2164 1391 2228 in-

165 2267 355 2354 venimusq,
381 2288 444 2348 qua
468 2270 585 2334 comici
604 2290 730 2350 quoque
755 2271 817 2335 etsi
840 2271 950 2335 rarius
974 2274 1150 2335 utebantur
1172 2270 1229 2337 ubi
1252 2277 1391 2336 metrum

163 2376 360 2456 postulabat.
412 2376 565 2441 Dilucide
598 2378 659 2442 hoc
688 2384 826 2459 apparet
855 2397 872 2442 e
899 2378 1004 2443 variis
1037 2377 1153 2443 formis
1180 2377 1275 2444 uerbi
1305 2374 1389 2443 ε’άω.

164 2482 285 2547 Tribus
316 2482 398 2547 locis
428 2490 563 2564 propter
596 2485 692 2549 metri
723 2485 984 2550 commoditatem
1016 2484 1177 2568 synizesis
1208 2484 1390 2552 invenitur:

209 2590 292 2655 Nub.
311 2591 385 2654 932.
427 2587 516 2676 δεῦρ’
541 2592 605 2669 tur,
631 2594 747 2656 ceriaco
771 2590 796 2655 d*
824 2588 866 2656 ἐά
889 2591 1116 2679 yruiveodaffi).

211 2697 289 2780 Lys
310 2698 382 2761 734.
430 2693 501 2762 aar
525 2696 572 2762 ἐῶ
595 2695 771 2763 ’uoltuque
795 2695 898 2784 ador}
926 2708 990 2765 Ao.
1017 2695 1054 2786 ἢν
1077 2696 1195 2764 τούτου
1220 2696 1287 2786 δέῃ.

209 2804 299 2869 Ecel.
319 2806 391 2869 784.
429 2796 455 2868 ὦ
472 2802 614 2887 δαιμόνι’
638 2802 777 2892 ἀνδρῶν,
802 2803 844 2870 ἔα
868 2830 909 2888 με
932 2809 997 2870 τῶν
1020 2803 1188 2895 προῦργου
1212 2831 1245 2872 τι
1269 2808 1362 2896 δρᾶν.

254 2929 379 2994 Ceteris
404 2931 485 2995 locis
508 2931 640 2996 vocales
664 2954 702 2995 ea
725 2931 779 2997 vel
803 2955 845 2995 aa
874 2931 1060 3015 bisyllabae
1089 2937 1164 2996 sunt
1186 2931 1278 2998 velut
1305 2932 1389 3013 Equ.

166 3074 376 3082 ——————.—-

257 3161 274 3228 ¹)
295 3161 354 3213 Hae
367 3177 396 3214 re
415 3163 533 3215 maxime
546 3164 715 3230 tragicorum
735 3164 861 3215 trimeter
880 3164 1073 3215 acumicorum
1087 3161 1187 3217 differt.
1214 3162 1265 3216 Sed
1279 3167 1392 3217 econtra

164 3251 191 3302 id
223 3266 327 3316 quoque
358 3252 540 3317 reputandum
576 3260 618 3305 est
656 3255 772 3305 comicos
809 3253 947 3305 interdum
979 3253 1104 3305 consulto
1136 3267 1218 3319 puros
1249 3254 1392 3306 trimetros

165 3340 294 3394 iambicos
320 3342 450 3406 posuisse.
494 3341 532 3393 cf,
557 3341 672 3409 Klaver,
703 3343 742 3395 De
761 3341 954 3408 Aristophanis
981 3343 1170 3395 trimetrorum
1195 3343 1391 3410 compositione

165 3428 363 3494 artificiosiore,
401 3430 473 3484 Diss
496 3430 638 3499 llarpurgi
664 3432 740 3485 1905.
789 3432 828 3484 De
853 3434 1010 3498 anapaestis
1034 3447 1081 3498 pro
1106 3431 1204 3485 iambis
1227 3432 1326 3499 positis
1353 3430 1391 3487 ci,

165 3519 288 3586 Rumpel,
309 3520 363 3571 Der
378 3519 513 3572 Trimeter
532 3520 578 3572 des
593 3520 798 3587 Aristophanes,
817 3521 978 3590 Philologus
991 3520 1121 3588 XXVIII,
1143 3520 1210 3574 1869
1229 3537 1254 3588 p.
1268 3521 1321 3575 599
1334 3536 1392 3586 sqq.

166 3610 193 3662 O.
205 3609 248 3662 W.
263 3609 295 3663 E.
309 3608 407 3675 Miller,
427 3608 613 3674 Hephaestion
633 3610 686 3661 and
706 3610 752 3662 the
772 3613 913 3677 Auapaest
932 3612 959 3662 in
980 3610 1026 3663 the
1039 3609 1234 3678 Aristophanis
1246 3609 1392 3678 Trimeter,

165 3697 363 3751 Transactious
377 3698 429 3750 aud
442 3698 623 3767 Procecdings
638 3699 667 3751 oi
675 3699 720 3752 the
732 3701 876 3752 American
887 3700 1067 3769 Philological
1078 3701 1252 3753 Association
1265 3698 1393 3767 XXXIV,

167 3787 235 3839 1903
254 3802 278 3852 p.
293 3788 327 3840 49
341 3802 395 3852 sqq.

255 3877 275 3944 ²)
302 3876 427 3929 Summae
453 3877 572 3929 utilitati
600 3877 666 3930 mihi
694 3879 721 3931 in
750 3880 909 3943 quaestione
938 3895 997 3931 mea
1024 3878 1081 3931 fuit
1110 3878 1264 3932 Dunbari
1290 3877 1392 3931 index

165 3965 436 4031 Aristophaneus
457 3967 488 4034 (A
510 3967 648 4033 t'lomplete
668 3967 857 4020 Concordaucc
876 3973 904 4020 to
925 3968 971 4020 the
991 3968 1129 4020 llomedies
1154 3967 1208 4020 and
1228 3967 1393 4036 Fragments

166 4055 196 4107 of
216 4054 421 4123 Aristophanes,
451 4055 553 4108 llxiord
579 4056 677 4124 1883),
706 4072 785 4121 quem
813 4057 1050 4109 accuratissimum
1079 4072 1137 4110 esse
1166 4060 1294 4124 expertus
1323 4070 1392 4112 sum.

165 4145 276 4197 Ceteras
296 4147 547 4211 commentationes
568 4146 665 4210 quibus
685 4162 751 4198 usus
771 4162 838 4212 sum,
857 4154 953 4212 postea
973 4146 1031 4199 loco
1051 4146 1147 4199 idoneo
1167 4144 1289 4199 afferam.

254 4234 274 4301 3)
295 4233 335 4288 Cf.
365 4234 422 4287 dos.
445 4233 571 4301 Menrad,
612 4235 650 4286 De
682 4236 879 4287 contractionis
912 4240 940 4287 et
972 4237 1126 4300 synizeseos
1155 4249 1208 4288 usu
1238 4234 1392 4290 Homerico.

167 4321 303 4375 Monachii
323 4323 399 4376 1886.

254 4413 274 4479 ⁴)
288 4412 391 4463 Versus
411 4411 524 4463 afferam
539 4413 684 4464 secuudum
700 4413 843 4465 editionem
865 4413 1103 4482 Ilergleiauam,
1123 4412 1283 4481 fragmenta
1296 4427 1393 4466 secuu-

166 4500 227 4552 dum
249 4501 394 4553 editionem
415 4502 630 4556 llocleianam.
