3038 5010
656 305 867 366 -27-

455 486 570 578 λάβετε
592 485 814 573 δ’,είλατίνας
836 490 981 574 πλάτας,

455 593 496 664 ut
517 598 643 680 ναῦται,
668 594 709 665 tut
731 601 860 682 ναῦται,

456 701 644 788 πέμποντες
667 696 852 788 εὐλιμένους

453 805 621 895 Περσείων
644 804 742 876 οῖκων
761 803 890 876 Ἑλέναν
913 804 964 876 ἐπ’
991 804 1115 898 ἀκτάς]

282 947 444 1035 Strophae
468 948 680 1035 logaoedicae
704 949 786 1014 haee
808 952 996 1037 praeposita
1020 959 1110 1017 sunt:

281 1418 494 1482 Dubitatione
512 1441 574 1483 non
592 1427 703 1485 carent
716 1422 816 1486 verba
829 1443 858 1485 v.
872 1424 890 1485 3
905 1416 1030 1508 εἰρεσίᾳ
1048 1417 1131 1507 φίλα
1145 1480 1160 1488 .
1174 1464 1193 1487 ο
1206 1463 1226 1487 υ
1239 1479 1262 1500 -,
1277 1464 1296 1488 ο
1306 1471 1331 1502 -,

192 1523 312 1609 quibus
324 1523 358 1587 in
370 1524 572 1610 antistropha
584 1525 785 1612 respondent
796 1521 973 1604 Παλλάδος
985 1519 1024 1590 ἂν
1031 1519 1147 1609 λάβοις
1158 1584 1172 1591 -
1182 1568 1201 1591 ο
1209 1567 1229 1591 ο
1238 1583 1261 1604 .,
1276 1569 1296 1592 ο
1306 1584 1329 1596 -.

190 1627 280 1691 Nam
304 1629 367 1693 etsi
388 1628 421 1691 in
445 1627 682 1716 Thesmophor.
706 1652 736 1695 v.
755 1634 816 1694 957
839 1653 870 1715 p.
888 1633 928 1693 22
953 1628 1092 1695 eundem
1117 1651 1249 1693 versum
1272 1630 1329 1693 ad-

192 1731 334 1795 mixtum
358 1733 544 1818 legerimus,
567 1739 677 1798 tamen
701 1733 763 1798 hoe
787 1734 859 1799 luco
883 1736 915 1798 in
940 1735 1057 1798 ueteris
1082 1732 1230 1796 versibus
1255 1739 1332 1798 tone

190 1841 251 1899 aut
273 1836 446 1900 intervallo
471 1836 651 1923 supplendo
675 1844 774 1924 poeta
797 1860 875 1902 usus
906 1860 971 1902 non
996 1844 1061 1918 est,
1092 1844 1128 1901 ut
1156 1858 1221 1900 nun
1245 1836 1333 1900 omni

191 1962 239 2004 ex
260 1947 355 2026 parte
379 1940 466 2004 huno
489 1942 596 2006 iocum
618 1942 666 2005 illi
690 1963 875 2028 exaequare
899 1942 1088 2006 debeamus.
1132 1940 1201 2005 Nec
1225 1948 1333 2004 tamen

190 2043 269 2109 ideo
294 2045 509 2131 sequentibus
528 2046 697 2134 logaoedis
720 2068 834 2112 versus
858 2048 877 2110 3
902 2052 935 2111 et
958 2050 977 2110 4
1001 2045 1245 2130 adscripserim.

180 2359 185 2367 ἱ
280 2277 447 2343 Numerus
471 2278 676 2364 stropharum
700 2301 743 2344 ex
758 2278 989 2345 Asrsrormuus
1012 2280 1131 2344 fabulis
1154 2280 1330 2365 petitarum

193 2387 294 2466 atque
318 2381 381 2446 hue
404 2383 636 2468 pertinentium
660 2383 764 2447 maior
787 2388 850 2447 est:

283 2503 429 2566 Primum
457 2505 644 2589 exemplum
669 2509 720 2569 est
749 2526 840 2591 vesp.
863 2507 1033 2568 eae-545
1050 2536 1089 2558 =
1109 2505 1295 2567 631-647:
1309 2499 1335 2586 ¹)

407 2660 478 2724 XO.
507 2659 562 2724 νῦν
584 2654 624 2750 δὴ
647 2659 704 2725 τὸν
726 2657 762 2725 ἐκ
784 2652 969 2748 θήμετέρου
1286 2689 1331 2732 520

507 2759 687 2848 γυμνασίου
713 2762 763 2830 δεῖ
783 2786 816 2827 τι
839 2759 941 2847 λέγειν

506 2863 627 2950 καινὸν,
651 2862 744 2945 ὅπως
766 2861 916 2955 φανήσει.

192 2974 269 3036 ΒΛ.
298 2966 455 3057 ἐνεγκάτω
477 2996 535 3056 μοι
559 2971 652 3057 δεῦρο
674 2967 734 3060 τὴν
755 2966 868 3058 κίστην
889 2995 941 3049 τις
963 2962 1007 3049 ὡς
1028 2964 1177 3052 τάχιστα.

302 3068 385 3161 ἀτὰρ
407 3079 504 3163 φανεῖ
526 3071 625 3154 ποῖός
646 3100 698 3154 τις
720 3067 772 3156 άίν,
797 3069 837 3166 ἢν
859 3076 964 3141 ταῦτα
987 3068 1208 3160 παρακελεάγγς
1287 3107 1333 3147 ssu

405 3182 479 3246 XO.
509 3176 555 3269 μὴ
579 3175 664 3245 κατὰ
686 3174 743 3245 τὸν
765 3175 895 3245 νεανίαν

508 3282 598 3349 τονδί
621 3281 734 3369 λέγειν.
758 3275 837 3372 δρᾷς
859 3277 919 3368 γὰρ
943 3274 987 3361 ὡς

509 3386 563 3454 σοὶ
586 3385 688 3474 μέγας
711 3385 800 3454 ἐστίν
822 3381 908 3473 ἁγὼν

508 3489 566 3557 καί
588 3488 754 3577 περὶτῶν
777 3484 941 3569 ἁπάντων,

509 3592 612 3681 ε’ίπερ,
637 3585 656 3663 δ
677 3592 723 3686 μὴ
748 3589 881 3683 γένοιθ’,
906 3583 961 3661 οὗ·

507 3696 563 3779 τός
586 3695 613 3766 σ’
642 3698 750 3766 ἐθέλει
773 3701 946 3789 κρατῆσαι.

199 3808 272 3869 BA.
304 3803 360 3869 καί
382 3800 448 3894 μὴν
470 3798 516 3872 30³
543 3799 582 3869 ίίν
604 3802 678 3892 λέξῃ
701 3797 726 3890 γ’
753 3797 869 3881 διπλαῖς
890 3805 1031 3889 μνημεῖα
1054 3796 1227 3888 γράψομαι
1246 3794 1316 3887 Ῐγοί.

202 3913 261 3973 ΦΙ.
306 3903 340 3973 τί
362 3902 422 3994 γὰρ
446 3901 528 3995 φάθ’
554 3901 656 3993 ὑμεῖς,
680 3902 724 3997 ἢν
746 3901 799 3972 ὁδί
821 3931 863 3991 με
885 3913 932 3995 api
953 3901 1038 3994 λόγῳ
1061 3900 1221 3993 κρατήσῃς

408 4005 482 4077 ΧΟ.
513 4003 620 4077 οὗκέτι
642 4011 835 4097 πρεσβυτῶν
857 4003 952 4091 ὄχλος
1288 4039 1335 4079 sm

508 4110 667 4204 χρήσιμος
689 4108 752 4180 ἔστ’
779 4107 850 4180 οὐδ’
878 4107 998 4203 ἀκαρῆ·

201 4221 408 4229 .—--——-

273 4287 293 4353 ¹)
313 4285 461 4357 Westphal
481 4287 530 4341 11²
548 4305 575 4355 p.
596 4286 653 4351 733,
674 4288 731 4351 236,
750 4287 809 4340 84⁶2.
