3038 5010
632 480 851 523 -10—

334 675 346 713 t
370 656 417 718 καὶ
441 655 495 740 τὴν
519 655 653 738 ἀσέβειαν
676 653 860 741 Σωκράτους
883 651 1005 735 διεξιών.

370 761 460 824 ἄλλαι
482 759 511 825 θ’
538 760 607 849 ὑπὲρ
631 762 758 848 τάνδρὸς
782 763 951 848 κατηγορίαι
974 762 1080 848 πικραί,

369 868 416 931 καὶ
439 875 499 930 των
523 870 667 951 μαθητῶν
688 863 735 941 εἷς
758 868 944 955 πατραλοίας
968 868 1113 940 ἐκτόπως.

370 969 421 1038 εἶτ’
447 976 627 1062 ἐμπορισμὸτ,
651 983 711 1058 τῆς
734 975 851 1060 σχολῆς
873 981 925 1036 τοῦ
940 973 1143 1062 Σωκράτους.

370 1083 403 1145 τὸ
427 1081 458 1145 δὲ
481 1084 577 1169 δρᾶμα
600 1089 720 1160 <τοῦτο>
744 1090 803 1166 τῆς
826 1082 905 1166 ὅλης
928 1086 1076 1167 ποιήσεως

326 1211 351 1253 ιο
370 1189 528 1252 κάλλιστον
552 1184 621 1252 εἷναί
645 1211 718 1276 φησι
741 1190 787 1252 καὶ
812 1191 1034 1274 τεχνικώτατον.

245 1383 279 1471 3)
304 1382 441 1450 Diserte
459 1382 585 1469 legitur
601 1383 633 1450 in
652 1383 771 1450 codice
784 1382 815 1448 V
829 1408 862 1448 τε
874 1397 955 1471 post
967 1386 1078 1469 λόγωα
1104 1405 1217 1472 neque
1240 1382 1333 1450 intel·

157 1489 238 1576 lego
263 1511 325 1556 cur
349 1490 500 1558 editores
526 1504 672 1578 excepto
689 1513 758 1557 van
772 1489 983 1557 Leeuwenio
1007 1490 1087 1557 illud
1113 1514 1146 1555 τε
1162 1489 1333 1557 exstinxe-

156 1595 239 1676 rint;
263 1597 327 1664 sed
351 1618 414 1685 per
438 1620 476 1664 se
500 1597 708 1683 intellegitur
731 1597 877 1664 litteram
901 1622 915 1661 ε
939 1619 1018 1664 esse
1042 1597 1247 1668 elidendam.

245 1704 278 1791 4)
302 1702 338 1770 ln
364 1703 484 1770 codice
509 1703 540 1770 V
565 1705 614 1771 sic
639 1704 801 1771 traditur:

468 1849 555 1935 χορὸν
579 1847 610 1911 δὲ
634 1847 778 1935 Νεφελῶν
803 1847 848 1921 ὡς
873 1849 1013 1932 ἐπιλέγων

157 2009 242 2055 sane
265 1987 340 2055 sine
372 2010 488 2057 sensu.
538 1987 607 2073 Qui
631 2011 755 2056 versus
780 2012 799 2056 a
827 1989 1003 2077 plerisque
1034 1989 1123 2056 bene
1155 2001 1334 2058 correctus

158 2093 266 2162 estin
292 2096 337 2170 ὡς
362 2098 501 2184 ἐπωρελῆ
526 2098 632 2182 λέγων.
681 2095 890 2164 Coniectura
915 2108 1065 2163 autema
1084 2097 1267 2183 Wagnero
1287 2096 1332 2164 al-

157 2201 225 2269 lata
248 2203 294 2278 ὡς
318 2203 451 2268 ὁσιωτατ’
478 2206 618 2289 ἐπιλέγων
643 2227 712 2271 non
738 2204 858 2292 placet.

246 2310 278 2397 6)
302 2309 418 2397 Bergk
432 2309 644 2398 interpungit
656 2324 735 2400 post
749 2314 864 2400 ἀνδρός.
891 2310 939 2378 At
951 2311 981 2378 si
995 2333 1064 2378 non
1078 2310 1331 2399 distinguimus

157 2416 267 2482 verba
291 2417 380 2480 ἀλλα
404 2442 466 2482 κτ.
476 2419 505 2484 λ.
531 2419 619 2484 bene
647 2419 834 2485 cohaerent
858 2440 933 2485 cum
967 2418 1192 2506 sequentibus
1215 2418 1335 2488 verbis

157 2528 326 2612 κατηγορίαι
363 2528 466 2613 πικραί,
515 2523 586 2593 Sed
613 2525 728 2591 versui
760 2523 808 2591 sic
841 2536 877 2591 ut
909 2525 1053 2592 traditus
1086 2537 1138 2593 est
1166 2525 1332 2593 mendum

157 2629 257 2697 metri
281 2631 378 2699 inest.
428 2630 552 2698 Codex
577 2630 608 2696 V
633 2630 721 2698 enim
747 2634 891 2719 praebet
915 2632 985 2721 ὑπὲρ
1009 2634 1116 2720 ἀνδρὸς
1141 2644 1252 2699 metro
1276 2632 1332 2701 de·

157 2737 237 2807 let0.
286 2738 331 2807 Ut
355 2750 470 2805 autem
496 2752 642 2805 metrum
669 2752 859 2819 sanaretur,
886 2738 1038 2806 Dindorf
1050 2738 1186 2826 scripsit
1203 2740 1250 2804 ὑπ’
1268 2740 1335 2805 dva-

159 2924 212 2987 ρος
227 2911 322 2966 ratus
338 2900 407 2987 ὑπὲρ
425 2901 532 2988 ἀνδρὸς
548 2898 697 2966 fortasse
718 2911 831 2965 ortum
858 2921 936 2966 esse
961 2923 1004 2967 ex
1029 2900 1075 2964 ὑπ’
1093 2849 1211 2990 ἀνρδρός.
1259 2899 1333 2968 Sed

158 3005 239 3072 mihi
262 3007 366 3073 valde
391 3007 532 3074 dubium
558 3028 636 3074 esse
661 3006 806 3086 videtur,
838 3029 918 3073 num
944 3007 998 3074 illa
1021 3008 1133 3074 forma
1156 3006 1336 3095 trisyllaba

158 3113 257 3180 verbi
278 3119 362 3203 ἀνὴρ,
387 3137 477 3202 quae
494 3127 624 3181 tantum
647 3114 678 3180 in
697 3113 906 3181 carminibus
931 3113 1035 3202 epicis
1060 3127 1094 3182 et
1117 3115 1149 3181 in
1175 3116 1224 3182 eis
1247 3114 1335 3183 locis

159 3219 284 3306 quibus
300 3220 432 3288 formae
449 3221 567 3308 epicae
584 3220 835 3308 exprimuntur,
861 3220 1042 3301 invenitur,
1068 3221 1098 3287 in
1118 3221 1183 3288 hos
1207 3242 1334 3289 versus

158 3327 291 3394 admitti
322 3328 441 3415 possit.
497 3327 666 3416 Equidem
702 3350 779 3394 curn
814 3327 998 3413 Wagnero
1033 3328 1146 3394 malim
1179 3327 1335 3395 scribere

158 3435 228 3523 ὑπὲρ
246 3438 381 3524 τάνδρός,
407 3456 617 3522 quamquam
639 3436 794 3502 concedo
811 3439 980 3523 κατηγορίαι
997 3435 1067 3523 ὑπὲρ
1085 3433 1250 3501 audacius
1268 3433 1333 3501 dic-

158 3555 228 3609 tum
261 3563 349 3622 esse,
380 3543 472 3630 quod
505 3547 673 3631 κατηγορίαι
704 3564 781 3608 cum
807 3540 1066 3630 praepositione
1090 3545 1166 3605 κατὰ
1189 3563 1217 3612 c.
1243 3540 1334 3609 Gen.

158 3662 217 3717 aut
233 3673 260 3720 c.
275 3650 364 3719 Gen.
383 3651 459 3718 solo
483 3651 712 3737 coniungitur.
760 3650 859 3715 Duae
878 3649 1154 3716 constructiones
1171 3649 1332 3715 hocloco

158 3756 245 3824 inter
265 3778 303 3824 se
324 3757 449 3824 mixtae
475 3779 552 3824 esse
574 3756 654 3824 mihi
672 3757 832 3823 videntur
840 3779 848 3835 ;
874 3756 1006 3822 auctori
1030 3757 1114 3822 haec
1132 3755 1203 3822 fere
1223 3755 1334 3823 verba

158 3865 190 3931 in
208 3865 322 3931 animo
339 3864 559 3953 fuisseputo:
586 3863 760 3931 Nonnulla
777 3863 876 3930 etiam
896 3862 959 3929 alia
976 3863 1020 3929 de
1038 3863 1104 3928 hoc
1122 3862 1197 3929 viro
1220 3862 1335 3929 dicun·

159 3985 222 4039 tur.
271 3971 332 4040 Sin
365 3984 477 4039 autem
509 3974 561 4036 ὑπὸ
585 3970 768 4038 scribimus
794 3992 870 4035 cum
904 3968 1097 4049 Dindorfio,
1130 3968 1184 4036 hic
1207 3989 1334 4036 versus

159 4081 403 4147 antecedentes
428 4103 495 4146 non
522 4081 610 4146 bene
634 4078 800 4165 sequitur.

248 4186 347 4254 Duos
383 4200 496 4254 autem
527 4186 664 4253 ultimos
697 4207 831 4265 versus,
875 4206 964 4271 quos
997 4182 1156 4249 Meineke
1192 4204 1235 4249 ex
1268 4181 1334 4249 alio

159 4306 366 4381 argumento
398 4293 429 4359 in
466 4294 592 4360 exitum
626 4293 725 4360 huius
751 4291 945 4378 argumenti
970 4290 1186 4358 transtulisse
1210 4289 1335 4356 dicitur
