3038 5010
709 432 797 515 [189]
1278 440 1316 502 51

195 634 252 691 tam
267 627 384 710 gaudio
400 626 510 689 mortis
526 624 615 710 Lyci,
636 645 731 707 quam
747 624 868 690 reditus
885 625 1033 691 Herculis
1049 633 1171 691 nroturn
1187 629 1319 691 chorum

195 731 329 796 lacrimas
353 729 486 793 fundere
510 737 542 794 et
566 729 755 793 sententiam
784 730 879 807 illurn
909 750 1003 812 quam
1027 730 1144 815 Pflugk
1173 732 1319 814 restituit,

194 837 289 900 inesse
311 836 343 898 in
366 833 520 898 versibus.
564 831 665 897 Sedt
694 835 748 915 γᾶς
771 831 845 908 ἄναξ
874 835 1057 919 simplicitur
1084 836 1223 920 positum
1255 857 1318 900 non

194 939 228 1004 dc
243 938 394 1015 Hercule,
416 937 473 1002 sed
495 936 535 1001 dc
555 938 644 1023 Lyco
661 938 755 1002 modo
772 937 908 1003 vidimus
924 959 1019 1022 posse
1035 938 1103 1003 dici.
1135 940 1195 1020 En,
1212 940 1321 1020 habes,

193 1065 249 1128 quo
265 1043 384 1107 referas
399 1041 530 1106 verbum
546 1039 650 1123 πάρος,
666 1041 751 1125 quod
768 1063 838 1106 cum
856 1043 953 1106 verbo
976 1041 1099 1126 ἤλπισεν
1117 1046 1320 1109 coniunctum

193 1148 327 1214 offendit.
372 1147 537 1226 Hercules,
560 1157 596 1210 ut
618 1146 651 1209 in
673 1147 806 1231 stropha
829 1145 845 1210 ό
867 1144 973 1230 undet
997 1145 1082 1224 ἄναξ,
1113 1149 1156 1213 ita
1179 1151 1210 1213 in
1240 1151 1320 1213 anti·

191 1254 319 1337 stropha
342 1250 358 1315 ὁ
382 1249 474 1332 πάρος
497 1257 552 1332 γᾶς
575 1247 650 1325 ἄναξ
672 1251 862 1315 nominatur.

288 1357 395 1421 Locus
417 1356 481 1418 iam
501 1356 545 1418 ita
568 1353 645 1417 milri
668 1353 794 1419 videtur
820 1377 888 1419 esse
912 1356 1141 1420 restituendus:

338 1527 339 1530 ,
360 1456 450 1539 ἔμολε
472 1456 560 1522 πάλιν
582 1456 699 1538 ἔμολεν,
720 1462 724 1535 Ι
745 1456 849 1522 οὔποτ’
872 1458 891 1522 d
914 1457 964 1524 dui
988 1463 1109 1544 φρενῶν

362 1560 464 1646 ἧλτισ’
487 1559 535 1639 clv,
559 1560 575 1626 α’
596 1565 600 1637 Ι
620 1558 715 1643 πάρος
738 1569 793 1644 γᾶς
816 1561 899 1638 ἄναξ.

287 1667 323 1750 3)
346 1667 422 1732 Eur.
445 1665 542 1730 Herc.
569 1668 651 1730 1023
673 1687 730 1752 pro
756 1666 792 1730 ud
817 1667 850 1730 δέ
873 1665 961 1731 τέκνα
988 1671 1108 1751 τρίγονοι
1137 1666 1321 1751 τε(κ6μενος,

189 1768 211 1836 cl
232 1771 341 1857 τάλαν)
364 1773 557 1858 scripserim:

383 1873 421 1939 od
445 1877 476 1939 de*
499 1875 627 1958 cpr'lyovu
650 1874 738 1939 τέκνα
762 1874 944 1960 τε(κο’μενος,
968 1871 993 1940 ui
1016 1876 1136 1957 τοίλαν),

189 2003 248 2065 qua
278 1980 486 2045 collocatione
517 1986 591 2064 apte
621 1980 753 2043 verbum
784 1982 996 2065 compositum
1027 1984 1148 2063 τρίγονοι
1177 1989 1319 2066 urgetur,

189 2107 257 2150 cunr
281 2084 463 2149 conferatur
493 2084 554 2148 huc
580 2086 651 2147 loco
677 2082 842 2166 Hercules,
868 2087 921 2170 qui
944 2094 1009 2151 tres
1032 2087 1148 2151 liberos
1172 2109 1246 2151 suos
1271 2109 1322 2152 oe·

189 2189 305 2269 uiderit,
328 2209 400 2252 eum
423 2188 549 2251 Procna
573 2188 665 2251 unius
689 2188 778 2252 liberi
800 2189 1022 2254 interfectrice.

288 2292 322 2373 4)
345 2290 422 2355 Eur.
437 2291 560 2356 Phoen.
578 2292 668 2355 2991)
684 2292 783 2357 verba
801 2293 846 2375 (τί
864 2292 981 2373 μέλλεις
995 2292 1160 2379 ὑαώ)ροφα
1177 2294 1321 2378 μέλαθρα

187 2403 280 2480 περᾶν
302 2396 439 2460 fortasse
462 2396 508 2460 ita
530 2395 769 2480 transponenda
792 2403 866 2460 sunt

414 2501 460 2583 (τί
479 2498 598 2580 μέλλεις
620 2498 787 2585 ὑαώ)ροφα
809 2509 906 2582 περᾶν
927 2501 1083 2585 μέλαθρα,

189 2628 248 2690 qua
270 2606 516 2690 transpositione
540 2611 615 2691 apte
638 2611 805 2689 separatur
828 2605 1020 2670 adiectivum
1044 2629 1062 2670 a
1090 2629 1148 2671 suo
1176 2608 1321 2672 substan·

188 2710 250 2774 tivo
274 2710 373 2773 verbo
398 2710 596 2793 interposito.

290 2811 325 2896 5)
348 2812 424 2877 Eur.
448 2813 566 2880 Bacch.
592 2815 673 2877 1007
700 2810 748 2895 (τό
773 2810 868 2898 σοφὸν
890 2811 927 2879 ου’
949 2809 1064 2901 φθόνῳ
1083 2815 1181 2898 χαίρω
1206 2813 1321 2897 θηρεύ-

190 2917 287 2998 ον)σα,
309 2914 349 2980 τοί
370 2916 397 2980 δ’
420 2916 508 3001 ἕτερα
529 2916 648 2999 μέγαλα
671 2917 920 3000 transposuerim
940 2918 1000 2980 ita:

223 3019 273 3105 (rt
297 3019 391 3108 σοφὸν
415 3021 451 3085 ou'
474 3021 583 3110 φθόνῳ
602 3023 701 3106 χαίρω
726 3020 926 3105 donadeum,
950 3019 988 3084 coi
1011 3022 1046 3085 δέ
1068 3021 1175 3104 μέγαλ’
1199 3023 1296 3106 ἕτερα.

289 3230 388 3295 Facili
409 3230 547 3315 denique
570 3232 747 3296 mutatione
770 3237 923 3294 sanantur
946 3230 978 3292 hi
1002 3229 1066 3294 duo
1089 3229 1167 3295 loci:

232 3335 264 3416 1)
294 3337 347 3398 Ar.
372 3356 420 3400 av.
447 3336 566 3414 1193b,
591 3336 645 3400 ubi
668 3356 724 3419 pro
756 3335 893 3399 lectione
923 3336 967 3398 ita
998 3335 1115 3398 tradita
1145 3332 1179 3397 ὃν
1197 3332 1321 3418 Ἔρεβος

292 3437 410 3504 ἐτέκετο
433 3440 495 3503 hoe
517 3441 724 3519 restituerim3
749 3437 783 3502 ὃν
799 3435 920 3520 Ἔρεβος
944 3437 1070 3501 τέκετο.1

232 3542 266 3625 2)
293 3542 370 3606 Eur.
388 3542 458 3627 lph.
474 3542 570 3606 Taur.
587 3546 658 3622 871,
675 3543 728 3626 qui
743 3543 833 3608 locus
849 3543 877 3605 iu
894 3541 1054 3606 codicibus
1068 3543 1144 3605 etin
1161 3544 1320 3629 plerisque

297 3645 487 3710 editionibus
509 3647 554 3709 ita
576 3646 706 3730 legitur:

189 3751 266 3832 (τίνα
290 3775 334 3814 σοι
357 3748 450 3834 πόρον
473 3748 635 3832 εὑρομένα)
659 3748 747 3813 αοίλνν
769 3749 830 3815 sind
852 3750 967 3828 πόλεως
990 3747 1064 3833 (ἀπο
1080 3748 1174 3835 φόνου
1190 3747 1319 3836 πέμψωλ

575 3853 695 3937 πατρίδ’
717 3857 747 3932 ἐς
764 3853 938 3939 Ἀργείαν),

189 3979 378 4044 quamquam
402 3958 573 4023 absurdum
598 3966 646 4024 est
669 3955 727 4021 cinci
753 3956 875 4035 πόλεως.

290 4220 455 4272 1n0ristum
475 4226 623 4287 augmento
649 4222 783 4288 syllabico
807 4227 945 4273 carentem
971 4220 998 4270 iu
1023 4219 1136 4283 stropha
1162 4216 1320 4270 dochmiaca

190 4322 213 4359 e.
232 4323 259 4373 g.
278 4305 403 4360 adhibuit
420 4305 566 4371 Euripides
584 4308 644 4373 Iph.
662 4308 743 4359 Taur.
761 4305 813 4359 854
831 4306 878 4376 ἐγώ
897 4307 921 4357 δ’
934 4305 950 4358 ci
961 4306 1049 4373 μέλεος
1062 4303 1117 4365 οἶδ’,
1132 4306 1175 4356 ὅτε
1193 4304 1320 4373 φάσγανον

190 4391 249 4464 δέρᾳ
268 4390 332 4460 θῆκέ
348 4418 392 4460 μοι
407 4391 549 4462 μελεόφρων
567 4391 657 4463 πατήρ.

1186 4475 1218 4526 4*
