3038 5010
673 509 895 580 —35-·

190 688 327 762 ὑπόθεσις
356 689 513 777 βατράχων
533 689 771 776 Ἀριστοφάνους.
819 686 885 754 Cui
914 686 961 755 rei
991 699 1234 773 argumentum
1261 683 1363 754 Oedi·

189 797 288 883 podis
310 794 427 882 Regis,
453 796 548 882 quod
573 795 685 883 ipsum
712 817 852 884 quoque
877 794 959 861 tituli
985 795 1062 861 loco
1088 817 1212 861 nomen
1234 797 1362 885 Ἀριστο-

190 911 302 990 ράνους
319 911 516 990 γραμματικοῦ
535 903 637 968 habet
659 924 857 989 repugnare
883 899 1028 968 videtur.
1076 900 1147 970 Sed
1166 901 1218 969 hie
1243 902 1363 970 titulus

193 1032 307 1076 nonne
333 1008 584 1097 posterioribus
616 1008 830 1097 temporibus
856 1009 1016 1096 exemplo
1041 1021 1234 1076 ceterorum
1262 1031 1363 1096 argu·

190 1129 383 1183 mentorum
427 1129 459 1182 et
504 1139 545 1183 ex
587 1116 649 1182 illis
680 1117 802 1197 causis
844 1139 930 1204 quas
962 1115 1206 1184 Schneidewin
1242 1116 1362 1197 attulit,

190 1223 326 1291 additus
351 1246 430 1290 esse
454 1224 596 1311 potest?
643 1223 737 1292 Sane
752 1236 846 1311 puto.
895 1223 996 1290 Nunc
1019 1225 1228 1291 manendum
1254 1227 1285 1291 in
1311 1246 1362 1305 eo,

190 1344 226 1397 ut
250 1331 294 1397 ab
308 1332 544 1419 Aristophane
560 1330 787 1419 grammatico
812 1331 885 1397 illas
911 1333 1123 1419 hypotheses
1148 1331 1263 1398 aridas
1287 1353 1364 1420 pro·

190 1438 243 1504 cul
268 1439 469 1508 habeamus,

283 1531 440 1612 Breviter
477 1545 679 1612 sententiam
714 1544 883 1632 Wagneri
914 1545 1114 1632 astringam,
1161 1545 1218 1634 qui
1250 1545 1364 1612 omnia

190 1664 404 1738 argumenta,
439 1674 528 1739 quae
560 1653 602 1718 ad
638 1651 771 1718 fabulas
797 1650 1074 1739 Aristophaneas
1099 1665 1235 1719 exstant
1260 1653 1360 1719 etiam

192 1782 241 1839 ea,
275 1781 364 1846 quae
389 1760 485 1826 titulo
506 1759 750 1847 Aristophanis
775 1771 901 1840 carent,
933 1780 952 1824 a
978 1758 1118 1825 crimine
1142 1761 1263 1833 νοθείας
1286 1759 1363 1826 libe-

191 1890 268 1933 rare
286 1867 366 1934 vult.
415 1868 462 1934 At
488 1889 564 1933 mea
589 1866 726 1952 quidem
753 1866 921 1932 sententia
947 1888 1072 1933 causae
1098 1887 1184 1954 quas
1205 1865 1364 1952 Wagner

190 1976 210 2041 l.
243 1997 285 2045 c.·
304 1974 413 2053 affert,
450 1975 542 2041 omni
576 1986 670 2040 certo
702 1974 927 2041 fundamento
959 1984 1086 2039 carent.
1135 1971 1240 2057 Quod
1273 1972 1362 2039 enim

189 2104 294 2169 saepe
324 2080 356 2147 in
389 2094 461 2147 arte
491 2081 630 2147 metrica
656 2080 808 2169 inprimis
845 2081 876 2146 in
902 2080 1063 2147 clausulis
1088 2101 1252 2147 versuum
1285 2101 1363 2146 auc·

190 2201 244 2255 tor
272 2205 555 2276 argumentorum
584 2189 804 2255 metricorum
835 2188 1026 2269 consentiat
1054 2210 1130 2254 cum
1158 2186 1362 2267 Menandro

191 2309 224 2362 et
252 2297 345 2382 quod
372 2295 627 2383 Aristophanes
652 2295 837 2382 Byzantius
869 2295 1002 2383 plurimi
1035 2293 1267 2361 aestimaverit
1297 2293 1363 2361 Me·

191 2404 370 2482 nandrum,
400 2416 433 2469 et
458 2404 551 2489 quod
578 2403 735 2470 dictionis
759 2424 902 2490 quoque
927 2402 1161 2469 Menandreae
1185 2399 1306 2468 similia
1330 2400 1361 2467 in

191 2510 242 2575 his
267 2509 483 2596 argumentis.
505 2509 730 2589 inveniantur,
756 2531 798 2576 eo
824 2508 1055 2576 demonstrari
1078 2520 1282 2591 argumenta
1306 2529 1361 2594 ge-

192 2615 292 2682 nuina
326 2638 404 2682 esse
438 2615 684 2704 Aristophanis
717 2616 870 2702 Byzantii
903 2628 998 2704 putat
1025 2616 1194 2702 Wagner.
1242 2614 1361 2682 Gram-

191 2725 349 2790 maticum
386 2705 499 2791 autem
536 2724 627 2789 illum
660 2746 725 2811 pro
757 2745 867 2810 puero
900 2723 1050 2810 quodam
1087 2745 1188 2812 quem
1221 2721 1362 2789 historia

190 2830 376 2896 litterarum
395 2829 560 2912 docuerit,
585 2831 639 2897 illa
664 2842 868 2917 argumenta
893 2829 1036 2896 finxisse
1058 2829 1232 2897 ediscendi
1257 2851 1362 2895 causa

191 2937 309 3025 puerili
330 2960 460 3023 genere
485 2937 620 3004 dicendi
644 2937 733 3003 idem
760 2937 941 3004 concludit.
990 2937 1037 3004 Ut
1053 2937 1141 3005 hanc
1157 2935 1360 3002 sententiam

191 3043 314 3125 fulciat,
339 3044 503 3110 admonet
527 3044 570 3109 de
595 3066 700 3131 opere
718 3042 895 3124 Niebuhri,
922 3044 1015 3131 quod
1033 3043 1227 3110 inscribitur
1248 3042 1362 3126 „Gric-

191 3150 703 3237 chischeHeroengeschichten
715 3173 784 3217 von
795 3152 832 3221 B.
843 3150 885 3218 G.
896 3149 1061 3228 Niebuhr,
1079 3173 1120 3216 an
1136 3149 1360 3217 seinenSohn

192 3258 351 3328 crzahlt“.
392 3259 440 3323 At
458 3258 603 3345 primum
623 3258 841 3344 Wagnerum
860 3279 927 3323 non
946 3270 1039 3324 recte
1056 3257 1179 3324 fecisse
1203 3257 1361 3338 arbitror,

193 3365 283 3450 quod
299 3364 378 3429 illud
393 3387 482 3452 opus
495 3363 662 3431 Niebuhri
676 3387 752 3430 cum
769 3363 820 3431 his
835 3364 1050 3451 argumentis
1065 3375 1254 3452 comparat.
1272 3362 1361 3430 Nam

192 3494 241 3549 ea,
274 3493 363 3557 quae
388 3472 443 3538 illo
469 3494 575 3559 opere
601 3470 767 3538 Niebuhri
792 3472 1019 3551 continentur,
1052 3470 1258 3539 alienissima
1282 3483 1363 3537 sunt

192 3579 234 3644 ab
259 3577 307 3658 iis,
336 3601 423 3665 quae
448 3578 500 3646 his
525 3579 737 3665 argumentis
762 3578 990 3648 continentur.
1039 3579 1188 3646 Fabulas
1205 3577 1362 3645 heroicas

192 3685 345 3773 parvolis
370 3686 485 3772 pueris
507 3685 681 3774 pueriliter
699 3709 838 3752 narrare
855 3686 1019 3766 solemus,
1045 3707 1112 3774 qua
1137 3709 1180 3752 ex
1204 3708 1241 3751 re
1265 3683 1362 3751 stilus

191 3792 244 3858 ille
262 3791 428 3858 Niebuhri
445 3791 596 3878 intellegi
614 3805 738 3880 potest.
785 3792 857 3860 Sed
876 3794 980 3878 longe
1005 3793 1095 3858 aliud
1120 3806 1172 3858 est
1198 3814 1248 3871 ea,
1273 3814 1363 3879 quae

192 3899 381 3965 comoediis
402 3900 632 3979 continentur,
657 3899 773 3987 pueris
793 3921 943 3968 narrare.
992 3900 1176 3967 Praeterea
1202 3898 1362 3986 equidem
1445 3917 1449 3924 ·

193 4027 260 4071 non
295 4018 378 4094 puto
411 4006 625 4093 temporibus
651 4005 896 4073 Alexandrinis
930 4028 1058 4093 pueros
1088 4005 1119 4071 in
1152 4005 1271 4072 schola
1297 4005 1361 4070 iam

193 4112 346 4201 aprimis
364 4114 578 4200 temporibus
596 4113 727 4193 aetatis
752 4113 877 4200 quibus
902 4111 985 4179 solis
1010 4110 1112 4179 dictio
1137 4111 1275 4200 puerilis
1300 4110 1363 4176 lor·

192 4232 286 4287 tasse
310 4219 340 4286 in
367 4220 531 4287 docendis
557 4220 671 4308 pueris
697 4221 864 4302 magistro
890 4220 994 4306 digna
1020 4232 1081 4300 est,
1117 4220 1149 4285 in
1174 4218 1363 4286 comoediis

193 4340 383 4415 occupatos
407 4350 495 4399 esse.
544 4328 639 4413 Ergo
665 4327 744 4394 nihil
769 4326 1022 4393 demonstravit
1038 4325 1200 4414 Wagner
1223 4325 1286 4393 nisi
1310 4349 1364 4392 ex-

1224 4451 1255 4523 3.
