3038 5010
648 239 860 298 ,15-

280 426 502 513 Wastphalius
519 427 553 491 11
563 426 576 465 ²
588 449 620 514 p.
630 429 693 492 842
710 428 769 491 hos
782 449 897 492 versus
910 428 1322 494 choriambicodiiambioos

211 531 347 615 appellat.
381 529 516 615 Syllaba
538 537 647 595 autem
670 531 778 616 longa,
802 552 885 616 quae
908 531 1052 597 abundat
1074 533 1107 596 in
1129 533 1193 598 line
1209 555 1322 598 vorsus

141 660 144 683 ι
209 633 334 714 secundi,
358 633 515 699 docemur
537 635 693 699 maiorem
717 656 851 721 pausam
875 636 982 700 locum
1005 636 1169 702 habuisse.

411 754 789 820 Philoct1095-1100
813 787 853 808 =
881 758 1098 821 ltro-1121

199 872 265 952 post
290 887 405 931 versus
436 867 644 952 logacedicos
673 867 904 948 ascendentes,
940 875 977 932 ut
1004 869 1142 951 videtur,
1178 871 1323 957 sequitur

198 992 305 1036 versus
328 971 397 1035 bic:

344 1093 403 1159 τοῦ
426 1091 562 1173 πλέονος
585 1090 741 1178 δαίμονος
763 1095 851 1161 εἵλου
874 1090 913 1162 τὸ
936 1090 1050 1162 κάκιον
1073 1089 1147 1162 ἀντί
1256 1128 1318 1168 1100

416 1306 788 1371 Philoct1123-1145
812 1339 851 1361 =
880 1311 1094 1373 1146-1168

191 1420 223 1482 in
254 1417 361 1482 media
390 1418 537 1504 stropha,
569 1440 652 1504 quae
685 1440 726 1483 ex
752 1420 900 1485 versibus
922 1421 1123 1506 logaoediois
1147 1423 1323 1486 maximam

192 1528 317 1608 partem
342 1528 478 1600 constat,
502 1522 535 1587 hi
559 1530 732 1587 occurrunt
755 1545 882 1588 versus:

190 1641 274 1728 ὁρῶν
297 1640 356 1727 μὲν
373 1637 510 1728 αἰσχρὰς
532 1636 673 1723 ἀπάτας,
697 1637 831 1728 στυγνὸν
847 1642 882 1709 δὲ
897 1637 977 1731 φῶτ’
996 1639 1192 1727 ἓχθοδοπὸν,
1259 1677 1320 1716 rrns

191 1740 282 1831 μυρί’
297 1737 358 1810 ἀπ’
369 1742 511 1833 αἰσχρῶν
521 1737 728 1813 ἆνατέλλονθ’
741 1735 778 1825 ὃς
789 1739 838 1835 ἐφ’
849 1741 929 1836 ἡμῖν
939 1741 1009 1814 κάκ’
1022 1743 1168 1837 ἐμήσατ’,
1181 1738 1322 1833 chcd.¹)

274 2117 349 2182 Non
383 2118 546 2205 discrepat
581 2139 654 2183 cum
688 2118 750 2182 hac
777 2117 936 2204 Aeschyli
974 2125 1007 2183 et
1036 2119 1205 2206 Sophoclis
1242 2142 1322 2184 con-

192 2222 364 2287 suetudine
382 2223 540 2288 Ennmrms
560 2245 638 2287 usus
659 2224 693 2286 in
715 2223 909 2288 adhibendis
930 2225 1137 2290 choriambis.
1173 2224 1323 2289 Echori·

190 2325 293 2389 ambis
329 2332 362 2390 et
397 2326 548 2390 diiambis
581 2327 657 2390 solis
685 2327 902 2412 fragmentum
932 2330 994 2392 432
1024 2327 1081 2412 (ad
1110 2328 1322 2414 Hippolytum

190 2427 376 2514 pertinens)
400 2431 615 2515 compositum
640 2440 691 2494 est

315 2541 387 2614 ἀντὶ
412 2544 515 2635 πυρὸς
537 2544 598 2635 γὰρ
621 2542 699 2614 litto
723 2552 789 2637 πῦρ

312 2651 424 2735 μεῖζον
446 2647 644 2737 ἔβλαστομεν
666 2657 813 2739 γυναῖκες
836 2650 921 2720 πολὺ
944 2650 1195 2742 δνςμαχώσερον.

278 2931 405 2997 Ceteris
429 2935 519 3015 locis,
544 2934 661 3019 quibus
683 2933 870 2999 choriambo
894 2954 973 2997 usus
994 2938 1053 3013 cst,
1076 2933 1249 3019 Euripides
1267 2942 1322 2998 aut

193 3036 227 3099 in
257 3037 349 3100 initio
378 3039 531 3123 strophae
559 3039 620 3102 hoo
650 3039 728 3103 fecit
760 3044 816 3102 aut
846 3059 960 3102 versus
992 3037 1226 3101 choriambicos
1250 3039 1322 3102 aliis

190 3140 336 3204 versibus
365 3141 551 3217 admiscuit3
584 3143 708 3206 nullum
731 3142 851 3226 legitur
876 3142 1062 3227 exemplum
1090 3141 1266 3205 choriambi
1289 3142 1321 3204 in

189 3245 254 3309 fine
278 3245 432 3331 strophae
455 3247 563 3332 positi.

274 3366 408 3431 Initium
432 3367 586 3453 strophae
610 3389 723 3433 versus
747 3366 957 3431 choriambici
979 3366 1118 3429 faciunt:

476 3489 601 3554 Alcest.
626 3492 763 3554 86-92
787 3521 827 3543 =
850 3488 1041 3573 98-1042)

254 3604 342 3674 κλύει
365 3634 416 3688 τις
437 3604 460 3698 ἢ
482 3605 659 3696 στεναγμὸν
682 3605 704 3699 ἢ
725 3612 825 3696 χερῶν
847 3605 972 3676 κτύπον
994 3604 1078 3675 κατὰ
1101 3608 1216 3695 στέγας

253 3709 275 3804 ἢ
297 3710 372 3802 γόον
394 3709 438 3795 ὡς
460 3713 713 3803 πεπραγμένωνς

263 3923 282 3990 ¹)
302 3923 333 3975 ln
352 3921 528 3991 antistropha
547 3921 652 3992 legitur

359 4026 456 4094 μηκέτι
472 4024 590 4094 μηδενός
608 4024 749 4096 κρατύνων
766 4023 818 4077 ὅσα
836 4026 938 4095 πέμπει
956 4023 1085 4094 βοόδωρος
1103 4011 1149 4076 αἶα

258 4217 278 4279 ²)
300 4213 399 4277 Christ,
418 4213 520 4268 Metrik
533 4216 540 4246 ¹
561 4231 587 4284 p.
601 4213 660 4277 140,
677 4213 728 4266 222
747 4213 915 4283 dactylicum
929 4231 1073 4268 numerum
1086 4230 1143 4267 esse
1156 4211 1321 4281 suspicatur.
