3038 5010
597 507 818 552 ...22-

120 681 243 752 tabulis
268 681 535 771 Aristophaneis
567 693 601 748 et
625 681 656 748 in
684 679 891 747 carminibus
916 678 1093 747 didacticis
1117 691 1302 768 apparent,

121 803 158 859 ut
182 791 214 858 in
240 788 519 858 Acharnensium
543 786 790 877 Aristophanis
814 808 847 854 v.
870 788 907 853 6:

335 942 398 1007 τοῖς
422 931 517 1020 πένῖτε
541 931 710 1020 calaritan:
734 928 780 1006 οἷς
806 931 910 996 Κλέων
935 930 1078 1017 ἐξήμεσεν

120 1075 176 1144 vel
211 1075 244 1142 in
279 1074 475 1157 fragmento
510 1072 776 1141 8Damocratis
813 1072 972 1141 carminis
1004 1074 1047 1140 de
1080 1073 1302 1161 malagmatis

120 1205 153 1250 V·
178 1186 272 1271 431)ς

281 1293 404 1373 μέλιτος
430 1287 473 1376 ibe
497 1285 620 1376 llcpuql
645 1286 687 1351 δύ’
709 1290 837 1351 Ἀττικοῦ
862 1297 913 1351 τοῦ
938 1296 1120 1377 προσφάτου.

119 1431 345 1520 Anapaestos
368 1429 472 1518 igitur
497 1429 620 1496 eodem
647 1431 753 1496 modo
778 1451 848 1517 quo
874 1431 965 1518 apud
995 1442 1119 1518 poetas
1142 1429 1298 1503 comicos

120 1551 153 1605 et
185 1537 385 1616 didacticos,
417 1537 567 1604 fortasse
597 1537 701 1626 paulo
732 1535 896 1618 licentius,
931 1537 963 1605 in
999 1537 1050 1606 bis
1083 1537 1299 1621 argumentis

121 1666 200 1712 esse
225 1628 403 1712 adhibitos
422 1643 662 1730 intellegimus

209 1752 278 1820 lam
298 1751 548 1840 perlustramus
566 1750 768 1832 solutiones
794 1773 884 1839 quae
901 1751 1030 1820 diversi
1053 1751 1194 1839 generis
1218 1770 1300 1819 esse

120 1871 278 1949 possunt,
311 1859 521 1926 tribrachum
551 1870 585 1925 et
617 1858 802 1945 dactylum,
837 1859 894 1947 qui
919 1871 1034 1927 tamen
1066 1859 1169 1926 ictum
1195 1859 1299 1926 habet

120 1966 237 2056 priore
260 1965 292 2032 in
317 1965 452 2053 syllaba
476 1963 584 2035 brevi.
633 1963 721 2032 Cum
754 1977 868 2033 autem
894 1978 1023 2033 tantum
1049 1965 1240 2054 imparibus
1264 1964 1298 2033 in

120 2071 263 2141 sedibus
280 2072 397 2140 brevis
413 2072 547 2160 syllaba
564 2071 709 2161 produci
733 2072 854 2161 possit,
879 2073 979 2140 etiam
1004 2073 1037 2139 in
1062 2072 1126 2140 illis
1149 2071 1299 2161 pedibus

120 2180 205 2248 solis
223 2179 381 2264 dactylus
399 2201 463 2267 pro
488 2179 602 2246 iambo
628 2179 710 2268 poni
734 2191 858 2267 potest.
907 2177 1021 2263 Quam
1047 2181 1161 2266 legem
1188 2177 1296 2248 bisin

8 2324 12 2332 =
121 2285 337 2374 argumentis
360 2308 439 2354 esse
463 2297 637 2353 servatam
667 2307 935 2374 cognoscemus.
983 2285 1182 2354 invenimus
1206 2284 1300 2353 enim

121 2415 248 2461 novem
274 2393 434 2480 dactylos
458 2391 568 2480 prima
592 2392 625 2460 in
649 2394 735 2461 sede
759 2392 858 2479 (Equ.
879 2415 910 2472 2,
935 2415 972 2480 4,
997 2392 1076 2461 Pac.
1097 2414 1125 2473 1,
1149 2414 1181 2481 3,
1204 2393 1237 2473 6,
1263 2414 1298 2480 7;

121 2499 210 2573 Ran.
233 2500 270 2580 8;
295 2498 385 2567 Eccl.
411 2522 446 2588 7;
470 2500 558 2572 Plut.
583 2505 615 2583 2)
624 2522 632 2579 ;
658 2499 841 2567 duodecim
866 2498 964 2566 tertia
989 2498 1021 2566 in
1046 2499 1133 2567 sede
1148 2496 1246 2586 (Equ.
1265 2521 1297 2586 4,

119 2629 156 2696 9;
197 2605 304 2695 Vesp
332 2628 360 2687 1,
384 2628 415 2693 9,
453 2629 507 2687 10;
547 2607 616 2673 Av.
640 2628 673 2695 5,
696 2607 733 2687 6;
773 2605 856 2693 Lys.
881 2628 917 2693 4;
959 2605 1045 2674 Ran.
1069 2627 1105 2694 33
1145 2605 1237 2676 Eccl.
1260 2625 1297 2694 55
1344 2622 1348 2629 ·

119 2713 206 2781 Plut.
231 2717 281 2801 3);
314 2734 441 2780 novem
468 2713 584 2802 quinta
608 2713 639 2780 in
664 2716 750 2780 sede
774 2713 874 2800 (nen.
899 2714 936 2794 8;
969 2713 1056 2800 Equ.
1081 2734 1117 2794 2,
1143 2710 1235 2779 Nub.
1260 2733 1297 2793 23

120 2819 226 2909 Vesp.
251 2842 287 2908 5;
320 2819 399 2892 Pac.
424 2842 460 2908 3;
491 2821 560 2888 Au.
589 2843 616 2900 1,
644 2842 699 2900 10,
732 2819 816 2906 Lys.
841 2821 873 2901 6,
897 2825 941 2907 9).
989 2818 1158 2907 Dactylus
1182 2831 1297 2887 autem

121 2927 316 2994 continetur
340 2940 398 2994 aut
422 2949 492 2994 uno
518 2927 690 2995 vocabulo
716 2926 770 3010 (cf.
791 2927 878 3014 Equ.
904 2949 934 3007 2,
959 2949 995 3014 9,
1020 2927 1099 2998 Pac.
1124 2947 1156 3014 3,
1179 2926 1212 3014 6)
1239 2938 1299 2994 aut

120 3035 267 3115 duobus,
303 3034 333 3100 in
369 3033 495 3122 quibus
520 3034 632 3101 exitus
656 3034 754 3101 vocis
778 3034 904 3123 prioris
930 3050 1009 3122 post
1032 3033 1201 3120 syllabam
1226 3032 1297 3100 lon·

120 3163 200 3228 gam
226 3153 279 3208 est
297 3146 345 3224 (ut
361 3139 449 3227 Equ.
460 3163 491 3221 2,
516 3164 547 3228 4,
572 3163 608 3228 4;
633 3140 769 3222 Nub.2;
794 3140 945 3229 Vespr,
970 3162 1002 3229 5,
1027 3160 1057 3227 9,
1087 3161 1141 3220 10;
1166 3138 1297 3227 Pac.3;

120 3248 188 3320 Αν.
218 3269 245 3327 1,
269 3249 301 3326 6,
329 3270 383 3327 103
424 3248 506 3335 Lys.
531 3271 562 3335 4,
587 3247 618 3327 6,
642 3270 678 3334 9;
717 3247 805 3317 Ran.
828 3248 864 3327 ὃς
897 3246 988 3315 Eccl.
1013 3269 1051 3336 5;
1084 3246 1172 3314 Plut.
1195 3268 1227 3327 2,
1252 3247 1296 3334 3).

119 3354 163 3422 Iis
193 3366 306 3421 autem
341 3354 373 3420 in
406 3355 559 3435 sedibuS,
591 3376 679 3442 quas
705 3377 794 3422 nunc
820 3376 997 3433 enumer0,
1029 3355 1136 3421 altera
1169 3373 1296 3420 vocum

120 3459 281 3528 articulus
299 3473 361 3541 est,
386 3460 446 3548 qui
469 3474 542 3528 arte
567 3462 705 3529 astricta
731 3473 782 3529 est
807 3462 849 3528 ad
868 3482 992 3528 vocem
1010 3473 1224 3550 sequentem,
1249 3460 1297 3527 ob

120 3589 266 3654 eamque
291 3589 363 3635 rem
388 3567 463 3635 talis
488 3569 646 3654 dactylus
671 3567 769 3635 facile
792 3580 978 3635 excusatur
995 3567 1147 3648 (Aenea
1172 3566 1252 3633 Pac.
1268 3587 1296 3647 1,

120 3697 138 3763 7
147 3697 155 3754 ;
179 3672 267 3744 Ran.
281 3696 302 3762 3
310 3696 318 3754 ;
344 3674 434 3741 Eccl.
449 3682 492 3762 7).
541 3674 640 3742 Unus
664 3674 823 3762 dactylus
848 3675 929 3758 (Av.
945 3679 979 3762 5)
1004 3685 1057 3741 est
1081 3672 1298 3762 compositus

120 3780 273 3848 etribus
297 3781 454 3862 vocibus
488 3802 634 3867 quarum
665 3781 820 3848 secunda
853 3795 906 3849 est
936 3802 1129 3870 pronomen
1154 3779 1298 3848 interro·

120 3886 273 3974 gativum
308 3889 586 3975 monosyllabum
622 3890 764 3976 (bruniana
794 3890 821 3952 ’τί
852 3889 984 3977 bnjand).
1042 3888 1148 3972 Quod
1180 3898 1296 3955 autem

120 3994 278 4081 dactylus
303 3995 334 4060 in
360 3995 413 4062 his
437 3995 650 4083 argumentis
675 3996 775 4063 etiam
802 3994 919 4082 quinta
945 3994 977 4062 in
1002 3997 1087 4062 sede
1113 3992 1297 4075 invenitur,

120 4124 162 4169 eo
188 4102 447 4169 demonstratur
471 4117 647 4170 auctorem
674 4101 864 4169 trimetrum
883 4103 1053 4169 comicum
1078 4099 1297 4168 didacticum·

210 4247 231 4317 ¹)
251 4247 286 4301 cs.
300 4247 495 4302 Studemundi
511 4246 669 4300 editionem
684 4245 712 4299 in
727 4244 821 4299 indice
835 4244 992 4300 lectionum
1008 4244 1036 4299 in
1050 4242 1242 4299 universitate
1255 4240 1298 4299 lit·

118 4345 248 4391 terarum
268 4334 492 4390 Vratislaviensi
513 4335 716 4389 habendarum
738 4335 874 4404 (1888189)
895 4351 923 4404 p.
944 4351 979 4404 25
998 4351 1069 4405 sqqa
1176 4384 1179 4388 .
