<?xml version="1.0" encoding="UTF-8"?>
<!DOCTYPE html PUBLIC "-//W3C//DTD XHTML 1.0 Transitional//EN"
    "http://www.w3.org/TR/xhtml1/DTD/xhtml1-transitional.dtd">
<html xmlns="http://www.w3.org/1999/xhtml" xml:lang="en" lang="en">
 <head>
  <title>
</title>
<meta http-equiv="Content-Type" content="text/html;charset=utf-8" />
  <meta name='ocr-system' content='tesseract 3.04.00' />
  <meta name='ocr-capabilities' content='ocr_page ocr_carea ocr_par ocr_line ocrx_word'/>
</head>
<body>
  <div class='ocr_page' id='page_1' title='image "./deversumdochmia00pickgoog_0312.png"; bbox 0 0 3038 5010; ppageno 0'>
   <div class='ocr_carea' id='block_1_1' title="bbox 126 535 1355 1268">
    <p class='ocr_par' dir='ltr' id='par_1_1' title="bbox 126 535 1355 1268">
     <span class='ocr_line' id='line_1_1' title="bbox 217 535 1270 629; baseline 0 -25"><span class='ocrx_word' id='word_1_1' title='bbox 217 541 391 605; x_wconf 66' lang='grc'>161533.</span> <span class='ocrx_word' id='word_1_2' title='bbox 425 537 469 615; x_wconf 64' lang='lat' dir='ltr'>dg</span> <span class='ocrx_word' id='word_1_3' title='bbox 493 536 554 628; x_wconf 70' lang='grc' dir='ltr'>χρὴ</span> <span class='ocrx_word' id='word_1_4' title='bbox 579 537 756 627; x_wconf 76' lang='grc' dir='ltr'><em>Μεγαρέας</em></span> <span class='ocrx_word' id='word_1_5' title='bbox 779 537 875 628; x_wconf 70' lang='grc' dir='ltr'><em>μήτε</em></span> <span class='ocrx_word' id='word_1_6' title='bbox 897 541 940 624; x_wconf 71' lang='grc' dir='ltr'>γῇ</span> <span class='ocrx_word' id='word_1_7' title='bbox 963 535 1052 626; x_wconf 69' lang='grc' dir='ltr'>μήτ’</span> <span class='ocrx_word' id='word_1_8' title='bbox 1077 537 1116 604; x_wconf 84' lang='grc' dir='ltr'>ἐν</span> <span class='ocrx_word' id='word_1_9' title='bbox 1139 537 1244 629; x_wconf 79' lang='grc' dir='ltr'><em>ἀγορᾷ</em></span> <span class='ocrx_word' id='word_1_10' title='bbox 1267 606 1270 614; x_wconf 71' lang='lat'>.</span> 
     </span>
     <span class='ocr_line' id='line_1_2' title="bbox 127 641 1355 734; baseline 0.002 -23"><span class='ocrx_word' id='word_1_11' title='bbox 127 684 129 688; x_wconf 45' lang='lat'><strong>⁴</strong></span> <span class='ocrx_word' id='word_1_12' title='bbox 216 648 299 726; x_wconf 72' lang='lat' dir='ltr'>liqu.</span> <span class='ocrx_word' id='word_1_13' title='bbox 315 645 389 712; x_wconf 83' lang='lat'>610.</span> <span class='ocrx_word' id='word_1_14' title='bbox 415 645 511 734; x_wconf 76' lang='grc' dir='ltr'><em>μήτε</em></span> <span class='ocrx_word' id='word_1_15' title='bbox 534 649 577 732; x_wconf 75' lang='grc' dir='ltr'>γῇ</span> <span class='ocrx_word' id='word_1_16' title='bbox 600 643 687 733; x_wconf 75' lang='grc' dir='ltr'>μήτ’</span> <span class='ocrx_word' id='word_1_17' title='bbox 711 644 749 710; x_wconf 79' lang='grc' dir='ltr'>ἐν</span> <span class='ocrx_word' id='word_1_18' title='bbox 765 643 916 732; x_wconf 83' lang='grc' dir='ltr'><em>θαλάττῃ</em></span> <span class='ocrx_word' id='word_1_19' title='bbox 934 641 1201 734; x_wconf 74' lang='grc' dir='ltr'><em>διαφυγεῖν-τοὺς</em></span> <span class='ocrx_word' id='word_1_20' title='bbox 1218 641 1355 724; x_wconf 71' lang='grc' dir='ltr'><em>ἱππέας.</em></span> 
     </span>
     <span class='ocr_line' id='line_1_3' title="bbox 214 753 1355 840; baseline 0.003 -21"><span class='ocrx_word' id='word_1_21' title='bbox 214 753 339 819; x_wconf 80' lang='lat' dir='ltr'>Ceteris</span> <span class='ocrx_word' id='word_1_22' title='bbox 363 754 456 835; x_wconf 83' lang='lat' dir='ltr'>locis,</span> <span class='ocrx_word' id='word_1_23' title='bbox 481 754 537 818; x_wconf 93' lang='lat' dir='ltr'>ubi</span> <span class='ocrx_word' id='word_1_24' title='bbox 558 754 669 820; x_wconf 90' lang='lat' dir='ltr'>brevis</span> <span class='ocrx_word' id='word_1_25' title='bbox 690 754 822 837; x_wconf 80' lang='lat' dir='ltr'>syllaba</span> <span class='ocrx_word' id='word_1_26' title='bbox 843 753 991 833; x_wconf 87' lang='lat' dir='ltr'>sequitur</span> <span class='ocrx_word' id='word_1_27' title='bbox 1014 753 1114 818; x_wconf 87' lang='lat' dir='ltr'>etiam</span> <span class='ocrx_word' id='word_1_28' title='bbox 1129 772 1195 820; x_wconf 85' lang='lat' dir='ltr'>vox</span> <span class='ocrx_word' id='word_1_29' title='bbox 1220 756 1260 840; x_wconf 75' lang='grc' dir='ltr'>γῇ</span> <span class='ocrx_word' id='word_1_30' title='bbox 1282 768 1355 823; x_wconf 82' lang='lat' dir='ltr'>oum</span> 
     </span>
     <span class='ocr_line' id='line_1_4' title="bbox 126 860 658 942; baseline -0.002 -17"><span class='ocrx_word' id='word_1_31' title='bbox 126 860 370 942; x_wconf 81' lang='lat' dir='ltr'>praepositione</span> <span class='ocrx_word' id='word_1_32' title='bbox 394 860 568 925; x_wconf 90' lang='lat' dir='ltr'>coniuncta</span> <span class='ocrx_word' id='word_1_33' title='bbox 592 867 658 926; x_wconf 88' lang='lat' dir='ltr'>est:</span> 
     </span>
     <span class='ocr_line' id='line_1_5' title="bbox 216 962 1350 1055; baseline -0.004 -22"><span class='ocrx_word' id='word_1_34' title='bbox 216 968 314 1047; x_wconf 85' lang='lat' dir='ltr'>Vesp.</span> <span class='ocrx_word' id='word_1_35' title='bbox 334 968 385 1031; x_wconf 88' lang='grc'>22.</span> <span class='ocrx_word' id='word_1_36' title='bbox 419 963 613 1032; x_wconf 69' lang='lat' dir='ltr'>beatoiob</span> <span class='ocrx_word' id='word_1_37' title='bbox 637 966 675 1032; x_wconf 77' lang='grc' dir='ltr'>ἐν</span> <span class='ocrx_word' id='word_1_38' title='bbox 703 971 746 1054; x_wconf 70' lang='grc' dir='ltr'>γῇ</span> <span class='ocrx_word' id='word_1_39' title='bbox 769 964 797 1031; x_wconf 74' lang='grc' dir='ltr'>τ’</span> <span class='ocrx_word' id='word_1_40' title='bbox 821 964 986 1051; x_wconf 75' lang='grc' dir='ltr'><em>ἀπέβαλεν</em></span> <span class='ocrx_word' id='word_1_41' title='bbox 1009 963 1078 1032; x_wconf 89' lang='grc' dir='ltr'>κάν</span> <span class='ocrx_word' id='word_1_42' title='bbox 1103 962 1242 1055; x_wconf 78' lang='grc' dir='ltr'><em>οὐρανῷ.</em></span> <span class='ocrx_word' id='word_1_43' title='bbox 1271 1006 1274 1016; x_wconf 61' lang='lat'>=</span> <span class='ocrx_word' id='word_1_44' title='bbox 1304 992 1306 1000; x_wconf 67' lang='grc'>’</span> <span class='ocrx_word' id='word_1_45' title='bbox 1339 964 1350 1025; x_wconf 65' lang='grc' dir='ltr'>ἶ</span> 
     </span>
     <span class='ocr_line' id='line_1_6' title="bbox 214 1064 1355 1163; baseline -0.001 -22"><span class='ocrx_word' id='word_1_46' title='bbox 214 1075 312 1155; x_wconf 82' lang='lat' dir='ltr'>Vesp.</span> <span class='ocrx_word' id='word_1_47' title='bbox 327 1075 400 1139; x_wconf 85' lang='grc'>678.</span> <span class='ocrx_word' id='word_1_48' title='bbox 427 1075 480 1140; x_wconf 82' lang='grc' dir='ltr'>σοὶ</span> <span class='ocrx_word' id='word_1_49' title='bbox 504 1073 534 1138; x_wconf 67' lang='grc' dir='ltr'>δ’</span> <span class='ocrx_word' id='word_1_50' title='bbox 557 1064 602 1138; x_wconf 80' lang='grc' dir='ltr'>ὧν</span> <span class='ocrx_word' id='word_1_51' title='bbox 625 1071 737 1162; x_wconf 85' lang='grc' dir='ltr'><em>ἄρχεις</em></span> <span class='ocrx_word' id='word_1_52' title='bbox 760 1070 867 1139; x_wconf 83' lang='grc' dir='ltr'><em>πολλὰ</em></span> <span class='ocrx_word' id='word_1_53' title='bbox 889 1071 950 1157; x_wconf 85' lang='grc' dir='ltr'>μὲν</span> <span class='ocrx_word' id='word_1_54' title='bbox 974 1072 1013 1139; x_wconf 77' lang='grc' dir='ltr'>ἐν</span> <span class='ocrx_word' id='word_1_55' title='bbox 1035 1076 1093 1160; x_wconf 75' lang='grc' dir='ltr'>γῇ,</span> <span class='ocrx_word' id='word_1_56' title='bbox 1116 1071 1224 1140; x_wconf 85' lang='grc' dir='ltr'><em>πολλὰ</em></span> <span class='ocrx_word' id='word_1_57' title='bbox 1249 1071 1278 1140; x_wconf 78' lang='grc' dir='ltr'>δ’</span> <span class='ocrx_word' id='word_1_58' title='bbox 1301 1072 1355 1163; x_wconf 61' lang='lat' dir='ltr'>dos</span> 
     </span>
     <span class='ocr_line' id='line_1_7' title="bbox 476 1177 1168 1268; baseline 0.003 -23"><span class='ocrx_word' id='word_1_59' title='bbox 476 1178 558 1268; x_wconf 68' lang='grc' dir='ltr'>ὑγρᾷ</span> <span class='ocrx_word' id='word_1_60' title='bbox 581 1177 791 1255; x_wconf 78' lang='grc' dir='ltr'><em>πιτυλεύσας.</em></span> <span class='ocrx_word' id='word_1_61' title='bbox 1166 1220 1168 1225; x_wconf 92' lang='grc'><strong>-</strong></span> 
     </span>
    </p>
   </div>
   <div class='ocr_carea' id='block_1_2' title="bbox 217 1323 726 1406">
    <p class='ocr_par' dir='ltr' id='par_1_2' title="bbox 217 1323 726 1406">
     <span class='ocr_line' id='line_1_8' title="bbox 217 1323 726 1406; baseline -0.002 -17"><span class='ocrx_word' id='word_1_62' title='bbox 217 1323 395 1405; x_wconf 82' lang='lat' dir='ltr'>Antiphon.</span> <span class='ocrx_word' id='word_1_63' title='bbox 415 1323 456 1387; x_wconf 84' lang='lat' dir='ltr'>fr.</span> <span class='ocrx_word' id='word_1_64' title='bbox 478 1323 549 1405; x_wconf 94' lang='grc'>101,</span> <span class='ocrx_word' id='word_1_65' title='bbox 568 1323 602 1387; x_wconf 89' lang='grc' dir='ltr'>ΙΙ</span> <span class='ocrx_word' id='word_1_66' title='bbox 625 1344 656 1406; x_wconf 89' lang='lat' dir='ltr'>p.</span> <span class='ocrx_word' id='word_1_67' title='bbox 676 1325 726 1389; x_wconf 89' lang='grc'>51.</span> 
     </span>
    </p>
   </div>
   <div class='ocr_carea' id='block_1_3' title="bbox 321 1445 1280 1537">
    <p class='ocr_par' dir='ltr' id='par_1_3' title="bbox 321 1445 1280 1537">
     <span class='ocr_line' id='line_1_9' title="bbox 321 1445 1280 1537; baseline 0.003 -24"><span class='ocrx_word' id='word_1_68' title='bbox 321 1446 360 1513; x_wconf 81' lang='grc' dir='ltr'>ἐν</span> <span class='ocrx_word' id='word_1_69' title='bbox 383 1452 425 1533; x_wconf 78' lang='grc' dir='ltr'>γῇ</span> <span class='ocrx_word' id='word_1_70' title='bbox 449 1446 613 1515; x_wconf 75' lang='grc' dir='ltr'><em>πένεσθαι</em></span> <span class='ocrx_word' id='word_1_71' title='bbox 636 1449 760 1532; x_wconf 83' lang='grc' dir='ltr'><em>μᾶλλον</em></span> <span class='ocrx_word' id='word_1_72' title='bbox 785 1445 804 1537; x_wconf 78' lang='grc' dir='ltr'>ἢ</span> <span class='ocrx_word' id='word_1_73' title='bbox 827 1450 1034 1515; x_wconf 81' lang='grc' dir='ltr'><em>πλουτοῦντα</em></span> <span class='ocrx_word' id='word_1_74' title='bbox 1057 1450 1162 1517; x_wconf 90' lang='grc' dir='ltr'><em>πλεῖν.</em></span> <span class='ocrx_word' id='word_1_75' title='bbox 1272 1482 1280 1505; x_wconf 70' lang='grc' dir='ltr'>τ·</span> 
     </span>
    </p>
   </div>
   <div class='ocr_carea' id='block_1_4' title="bbox 268 1609 1257 1695">
    <p class='ocr_par' dir='ltr' id='par_1_4' title="bbox 268 1609 1349 1695">
     <span class='ocr_line' id='line_1_10' title="bbox 268 1609 1257 1695; baseline 0.003 -3"><span class='ocrx_word' id='word_1_76' title='bbox 268 1628 297 1692; x_wconf 87' lang='lat'>8.</span> <span class='ocrx_word' id='word_1_77' title='bbox 334 1627 389 1693; x_wconf 92' lang='lat' dir='ltr'>De</span> <span class='ocrx_word' id='word_1_78' title='bbox 412 1620 911 1695; x_wconf 66' lang='lat' dir='ltr'>liberiore&#39;vocabulorum</span> <span class='ocrx_word' id='word_1_79' title='bbox 935 1609 1213 1695; x_wconf 86' lang='lat' dir='ltr'>collocatione.</span> <span class='ocrx_word' id='word_1_80' title='bbox 1256 1663 1257 1666; x_wconf 35' lang='lat'>¹</span> 
     </span>
    </p>
   </div>
   <div class='ocr_carea' id='block_1_5' title="bbox 127 1750 1357 2478">
    <p class='ocr_par' dir='ltr' id='par_1_5' title="bbox 127 1750 1357 2268">
     <span class='ocr_line' id='line_1_11' title="bbox 217 1750 1356 1837; baseline 0.004 -20"><span class='ocrx_word' id='word_1_81' title='bbox 217 1753 268 1817; x_wconf 89' lang='grc'>63.</span> <span class='ocrx_word' id='word_1_82' title='bbox 321 1753 562 1818; x_wconf 80' lang='lat' dir='ltr'>Vocabulorum</span> <span class='ocrx_word' id='word_1_83' title='bbox 602 1752 776 1819; x_wconf 80' lang='lat' dir='ltr'>collocatio</span> <span class='ocrx_word' id='word_1_84' title='bbox 815 1752 954 1819; x_wconf 83' lang='lat' dir='ltr'>liberior</span> <span class='ocrx_word' id='word_1_85' title='bbox 993 1750 1139 1819; x_wconf 86' lang='lat' dir='ltr'>omnium</span> <span class='ocrx_word' id='word_1_86' title='bbox 1174 1759 1356 1837; x_wconf 89' lang='lat' dir='ltr'>temporum</span> 
     </span>
     <span class='ocr_line' id='line_1_12' title="bbox 128 1859 1354 1943; baseline 0.002 -19"><span class='ocrx_word' id='word_1_87' title='bbox 128 1859 234 1940; x_wconf 91' lang='lat' dir='ltr'>poetis</span> <span class='ocrx_word' id='word_1_88' title='bbox 258 1865 373 1941; x_wconf 88' lang='lat' dir='ltr'>sponte</span> <span class='ocrx_word' id='word_1_89' title='bbox 397 1879 432 1924; x_wconf 95' lang='lat' dir='ltr'>se</span> <span class='ocrx_word' id='word_1_90' title='bbox 456 1859 617 1925; x_wconf 85' lang='lat' dir='ltr'>offerebat</span> <span class='ocrx_word' id='word_1_91' title='bbox 641 1861 681 1924; x_wconf 89' lang='lat' dir='ltr'>ad</span> <span class='ocrx_word' id='word_1_92' title='bbox 711 1859 927 1926; x_wconf 85' lang='lat' dir='ltr'>difficultates</span> <span class='ocrx_word' id='word_1_93' title='bbox 957 1860 1113 1926; x_wconf 87' lang='lat' dir='ltr'>metricas</span> <span class='ocrx_word' id='word_1_94' title='bbox 1141 1863 1354 1943; x_wconf 86' lang='lat' dir='ltr'>superandas.</span> 
     </span>
     <span class='ocr_line' id='line_1_13' title="bbox 128 1966 1356 2050; baseline 0.003 -20"><span class='ocrx_word' id='word_1_95' title='bbox 128 1968 276 2048; x_wconf 84' lang='lat' dir='ltr'>Longum</span> <span class='ocrx_word' id='word_1_96' title='bbox 298 1972 348 2032; x_wconf 91' lang='lat' dir='ltr'>est</span> <span class='ocrx_word' id='word_1_97' title='bbox 369 1986 479 2032; x_wconf 88' lang='lat' dir='ltr'>omnes</span> <span class='ocrx_word' id='word_1_98' title='bbox 502 1967 729 2033; x_wconf 80' lang='lat' dir='ltr'>collocationis</span> <span class='ocrx_word' id='word_1_99' title='bbox 745 1967 889 2033; x_wconf 87' lang='lat' dir='ltr'>usitatae</span> <span class='ocrx_word' id='word_1_100' title='bbox 904 1966 1250 2050; x_wconf 63' lang='lat' dir='ltr'>mutationes&#39;afferra</span> <span class='ocrx_word' id='word_1_101' title='bbox 1274 1987 1356 2049; x_wconf 86' lang='lat' dir='ltr'>quas</span> 
     </span>
     <span class='ocr_line' id='line_1_14' title="bbox 128 2073 1357 2156; baseline 0.002 -18"><span class='ocrx_word' id='word_1_102' title='bbox 128 2074 244 2139; x_wconf 91' lang='lat' dir='ltr'>comici</span> <span class='ocrx_word' id='word_1_103' title='bbox 268 2079 370 2140; x_wconf 86' lang='lat' dir='ltr'>metro</span> <span class='ocrx_word' id='word_1_104' title='bbox 396 2080 533 2156; x_wconf 85' lang='lat' dir='ltr'>cogente</span> <span class='ocrx_word' id='word_1_105' title='bbox 563 2074 791 2140; x_wconf 84' lang='lat' dir='ltr'>adhibuerunt.</span> <span class='ocrx_word' id='word_1_106' title='bbox 839 2073 928 2140; x_wconf 80' lang='lat' dir='ltr'>Satis</span> <span class='ocrx_word' id='word_1_107' title='bbox 957 2074 1001 2140; x_wconf 91' lang='lat' dir='ltr'>sit</span> <span class='ocrx_word' id='word_1_108' title='bbox 1029 2073 1203 2141; x_wconf 90' lang='lat' dir='ltr'>nonnullas</span> <span class='ocrx_word' id='word_1_109' title='bbox 1227 2093 1357 2142; x_wconf 92' lang='lat' dir='ltr'>enume-</span> 
     </span>
     <span class='ocr_line' id='line_1_15' title="bbox 127 2181 1353 2268; baseline 0.003 -24"><span class='ocrx_word' id='word_1_110' title='bbox 127 2200 212 2263; x_wconf 84' lang='lat' dir='ltr'>rare,</span> <span class='ocrx_word' id='word_1_111' title='bbox 238 2199 321 2259; x_wconf 85' lang='lat' dir='ltr'>quae</span> <span class='ocrx_word' id='word_1_112' title='bbox 344 2183 507 2246; x_wconf 80' lang='lat' dir='ltr'>notandae</span> <span class='ocrx_word' id='word_1_113' title='bbox 530 2181 612 2247; x_wconf 92' lang='lat' dir='ltr'>mihi</span> <span class='ocrx_word' id='word_1_114' title='bbox 636 2201 707 2247; x_wconf 90' lang='lat' dir='ltr'>esse</span> <span class='ocrx_word' id='word_1_115' title='bbox 723 2181 876 2248; x_wconf 91' lang='lat' dir='ltr'>videntur</span> <span class='ocrx_word' id='word_1_116' title='bbox 891 2182 945 2248; x_wconf 88' lang='lat' dir='ltr'>vel</span> <span class='ocrx_word' id='word_1_117' title='bbox 964 2181 1096 2264; x_wconf 88' lang='lat' dir='ltr'>saepius</span> <span class='ocrx_word' id='word_1_118' title='bbox 1116 2187 1310 2264; x_wconf 87' lang='lat' dir='ltr'>repetuntur</span> <span class='ocrx_word' id='word_1_119' title='bbox 1318 2181 1353 2268; x_wconf 83' lang='grc' dir='ltr'>ι).</span> 
     </span>
    </p>

    <p class='ocr_par' dir='ltr' id='par_1_6' title="bbox 128 2273 1356 2478">
     <span class='ocr_line' id='line_1_16' title="bbox 217 2273 1355 2371; baseline 0.004 -19"><span class='ocrx_word' id='word_1_120' title='bbox 217 2287 355 2369; x_wconf 84' lang='lat' dir='ltr'>Saepius</span> <span class='ocrx_word' id='word_1_121' title='bbox 383 2289 646 2370; x_wconf 82' lang='lat' dir='ltr'>praepositiones</span> <span class='ocrx_word' id='word_1_122' title='bbox 675 2290 920 2370; x_wconf 75' lang='lat' dir='ltr'>ana-stropha</span> <span class='ocrx_word' id='word_1_123' title='bbox 949 2289 1021 2355; x_wconf 88' lang='lat' dir='ltr'>loco</span> <span class='ocrx_word' id='word_1_124' title='bbox 1050 2293 1230 2371; x_wconf 85' lang='lat' dir='ltr'>moventur,</span> <span class='ocrx_word' id='word_1_125' title='bbox 1257 2273 1355 2356; x_wconf 89' lang='lat' dir='ltr'>cuius</span> 
     </span>
     <span class='ocr_line' id='line_1_17' title="bbox 128 2395 1356 2478; baseline 0.002 -19"><span class='ocrx_word' id='word_1_126' title='bbox 128 2395 178 2460; x_wconf 88' lang='lat' dir='ltr'>rei</span> <span class='ocrx_word' id='word_1_127' title='bbox 210 2395 296 2476; x_wconf 91' lang='lat' dir='ltr'>apud</span> <span class='ocrx_word' id='word_1_128' title='bbox 327 2396 581 2476; x_wconf 86' lang='lat' dir='ltr'>Aristophanem</span> <span class='ocrx_word' id='word_1_129' title='bbox 614 2396 725 2461; x_wconf 88' lang='lat' dir='ltr'>omnia</span> <span class='ocrx_word' id='word_1_130' title='bbox 756 2397 826 2462; x_wconf 84' lang='lat' dir='ltr'>iere</span> <span class='ocrx_word' id='word_1_131' title='bbox 857 2396 1005 2478; x_wconf 86' lang='lat' dir='ltr'>exempla</span> <span class='ocrx_word' id='word_1_132' title='bbox 1034 2397 1181 2462; x_wconf 88' lang='lat' dir='ltr'>Joannes</span> <span class='ocrx_word' id='word_1_133' title='bbox 1211 2395 1288 2462; x_wconf 89' lang='lat' dir='ltr'>Iltz</span> <span class='ocrx_word' id='word_1_134' title='bbox 1320 2397 1356 2462; x_wconf 92' lang='lat' dir='ltr'>in</span> 
     </span>
    </p>
   </div>
   <div class='ocr_carea' id='block_1_6' title="bbox 129 2502 1355 2803">
    <p class='ocr_par' dir='ltr' id='par_1_7' title="bbox 129 2502 1355 2803">
     <span class='ocr_line' id='line_1_18' title="bbox 129 2502 1355 2590; baseline 0.002 -24"><span class='ocrx_word' id='word_1_135' title='bbox 129 2502 360 2568; x_wconf 87' lang='lat' dir='ltr'>dissertatione</span> <span class='ocrx_word' id='word_1_136' title='bbox 384 2503 523 2568; x_wconf 90' lang='lat' dir='ltr'>Halensi</span> <span class='ocrx_word' id='word_1_137' title='bbox 554 2502 731 2589; x_wconf 78' lang='lat' dir='ltr'>collegit2).</span> <span class='ocrx_word' id='word_1_138' title='bbox 778 2503 940 2584; x_wconf 80' lang='lat' dir='ltr'>Equidem</span> <span class='ocrx_word' id='word_1_139' title='bbox 968 2505 1050 2570; x_wconf 86' lang='lat' dir='ltr'>haec</span> <span class='ocrx_word' id='word_1_140' title='bbox 1080 2504 1231 2590; x_wconf 88' lang='lat' dir='ltr'>exempla</span> <span class='ocrx_word' id='word_1_141' title='bbox 1253 2503 1355 2571; x_wconf 70' lang='lat' dir='ltr'>add0{</span> 
     </span>
     <span class='ocr_line' id='line_1_19' title="bbox 216 2605 1212 2695; baseline 0 -21"><span class='ocrx_word' id='word_1_142' title='bbox 216 2608 336 2674; x_wconf 83' lang='lat' dir='ltr'>Oratet.</span> <span class='ocrx_word' id='word_1_143' title='bbox 356 2608 397 2673; x_wconf 88' lang='lat' dir='ltr'>fr.</span> <span class='ocrx_word' id='word_1_144' title='bbox 417 2609 522 2690; x_wconf 75' lang='grc' dir='ltr'>17ε,Ι</span> <span class='ocrx_word' id='word_1_145' title='bbox 545 2629 576 2690; x_wconf 94' lang='lat' dir='ltr'>p.</span> <span class='ocrx_word' id='word_1_146' title='bbox 596 2611 669 2675; x_wconf 87' lang='lat'>135.</span> <span class='ocrx_word' id='word_1_147' title='bbox 703 2611 794 2695; x_wconf 75' lang='grc' dir='ltr'><em>ἡμῶν</em></span> <span class='ocrx_word' id='word_1_148' title='bbox 818 2606 847 2675; x_wconf 83' lang='lat' dir='ltr'>d‘</span> <span class='ocrx_word' id='word_1_149' title='bbox 870 2605 948 2676; x_wconf 84' lang='grc' dir='ltr'><em>ἄπο.</em></span> <span class='ocrx_word' id='word_1_150' title='bbox 1017 2617 1022 2626; x_wconf 88' lang='grc'>’</span> <span class='ocrx_word' id='word_1_151' title='bbox 1209 2625 1212 2632; x_wconf 91' lang='grc'><strong>’</strong></span> 
     </span>
     <span class='ocr_line' id='line_1_20' title="bbox 217 2712 996 2803; baseline 0.003 -22"><span class='ocrx_word' id='word_1_152' title='bbox 217 2714 387 2796; x_wconf 85' lang='lat' dir='ltr'>Ophelion.</span> <span class='ocrx_word' id='word_1_153' title='bbox 406 2715 447 2780; x_wconf 80' lang='lat' dir='ltr'>fr.</span> <span class='ocrx_word' id='word_1_154' title='bbox 467 2717 496 2797; x_wconf 91' lang='grc'>1,</span> <span class='ocrx_word' id='word_1_155' title='bbox 513 2715 549 2779; x_wconf 89' lang='grc' dir='ltr'>Π</span> <span class='ocrx_word' id='word_1_156' title='bbox 571 2735 602 2796; x_wconf 89' lang='lat' dir='ltr'>p.</span> <span class='ocrx_word' id='word_1_157' title='bbox 622 2717 695 2781; x_wconf 89' lang='grc'>293.</span> <span class='ocrx_word' id='word_1_158' title='bbox 728 2712 906 2803; x_wconf 84' lang='grc' dir='ltr'><em>ἀνθράκων</em></span> <span class='ocrx_word' id='word_1_159' title='bbox 929 2712 996 2783; x_wconf 76' lang='grc' dir='ltr'><em>ἔπι.</em></span> 
     </span>
    </p>
   </div>
   <div class='ocr_carea' id='block_1_7' title="bbox 215 2819 1142 3339">
    <p class='ocr_par' dir='ltr' id='par_1_8' title="bbox 216 2819 1056 3017">
     <span class='ocr_line' id='line_1_21' title="bbox 216 2819 1056 2909; baseline 0.002 -24"><span class='ocrx_word' id='word_1_160' title='bbox 216 2822 298 2885; x_wconf 85' lang='lat' dir='ltr'>Ran.</span> <span class='ocrx_word' id='word_1_161' title='bbox 333 2822 429 2886; x_wconf 88' lang='grc'>1212.</span> <span class='ocrx_word' id='word_1_162' title='bbox 462 2819 642 2909; x_wconf 85' lang='grc' dir='ltr'><em>Παρνασὸν</em></span> <span class='ocrx_word' id='word_1_163' title='bbox 665 2820 748 2886; x_wconf 86' lang='grc' dir='ltr'><em>κάτα</em></span> <span class='ocrx_word' id='word_1_164' title='bbox 772 2821 901 2907; x_wconf 79' lang='lat' dir='ltr'>(Eurip.</span> <span class='ocrx_word' id='word_1_165' title='bbox 918 2822 1056 2907; x_wconf 60' lang='lat' dir='ltr'>parom).</span> 
     </span>
     <span class='ocr_line' id='line_1_22' title="bbox 216 2925 942 3017; baseline 0.006 -26"><span class='ocrx_word' id='word_1_166' title='bbox 216 2928 301 2992; x_wconf 86' lang='lat' dir='ltr'>Men.</span> <span class='ocrx_word' id='word_1_167' title='bbox 321 2928 361 2992; x_wconf 82' lang='lat' dir='ltr'>fr.</span> <span class='ocrx_word' id='word_1_168' title='bbox 380 2928 454 3010; x_wconf 92' lang='grc'>820,</span> <span class='ocrx_word' id='word_1_169' title='bbox 472 2928 526 2994; x_wconf 87' lang='grc' dir='ltr'>ΙΙΙ</span> <span class='ocrx_word' id='word_1_170' title='bbox 548 2949 579 3010; x_wconf 89' lang='lat' dir='ltr'>p.</span> <span class='ocrx_word' id='word_1_171' title='bbox 600 2930 673 2994; x_wconf 92' lang='grc'>222.</span> <span class='ocrx_word' id='word_1_172' title='bbox 706 2925 825 3017; x_wconf 86' lang='grc' dir='ltr'><em>χρόνον</em></span> <span class='ocrx_word' id='word_1_173' title='bbox 848 2926 942 3012; x_wconf 83' lang='grc' dir='ltr'><em>μέτα.</em></span> 
     </span>
    </p>

    <p class='ocr_par' dir='ltr' id='par_1_9' title="bbox 215 3031 1142 3233">
     <span class='ocr_line' id='line_1_23' title="bbox 216 3031 1142 3124; baseline 0.002 -25"><span class='ocrx_word' id='word_1_174' title='bbox 216 3037 299 3100; x_wconf 88' lang='lat' dir='ltr'>Men.</span> <span class='ocrx_word' id='word_1_175' title='bbox 319 3034 359 3099; x_wconf 85' lang='lat' dir='ltr'>fr.</span> <span class='ocrx_word' id='word_1_176' title='bbox 378 3036 542 3117; x_wconf 50' lang='grc'>6781111</span> <span class='ocrx_word' id='word_1_177' title='bbox 565 3057 596 3119; x_wconf 91' lang='lat' dir='ltr'>p.</span> <span class='ocrx_word' id='word_1_178' title='bbox 618 3037 689 3124; x_wconf 84' lang='grc'>196.</span> <span class='ocrx_word' id='word_1_179' title='bbox 722 3039 780 3124; x_wconf 84' lang='grc' dir='ltr'>τῆς</span> <span class='ocrx_word' id='word_1_180' title='bbox 803 3031 966 3124; x_wconf 73' lang='grc' dir='ltr'><em>ἀληθείας</em></span> <span class='ocrx_word' id='word_1_181' title='bbox 989 3032 1079 3124; x_wconf 81' lang='grc' dir='ltr'><em>πέρι.</em></span> <span class='ocrx_word' id='word_1_182' title='bbox 1139 3110 1142 3115; x_wconf 45' lang='grc'>,</span> 
     </span>
     <span class='ocr_line' id='line_1_24' title="bbox 215 3139 769 3233; baseline 0.005 -27"><span class='ocrx_word' id='word_1_183' title='bbox 215 3143 313 3224; x_wconf 80' lang='lat' dir='ltr'>Vesp.</span> <span class='ocrx_word' id='word_1_184' title='bbox 333 3143 428 3207; x_wconf 85' lang='lat'>1118.</span> <span class='ocrx_word' id='word_1_185' title='bbox 460 3145 518 3230; x_wconf 80' lang='grc' dir='ltr'>τῆς</span> <span class='ocrx_word' id='word_1_186' title='bbox 541 3139 651 3232; x_wconf 79' lang='grc' dir='ltr'><em>χώρας</em></span> <span class='ocrx_word' id='word_1_187' title='bbox 673 3140 769 3233; x_wconf 78' lang='grc' dir='ltr'><em>ὕπερ.</em></span> 
     </span>
    </p>

    <p class='ocr_par' dir='ltr' id='par_1_10' title="bbox 215 3246 891 3339">
     <span class='ocr_line' id='line_1_25' title="bbox 215 3246 891 3339; baseline 0.003 -25"><span class='ocrx_word' id='word_1_188' title='bbox 215 3250 282 3314; x_wconf 84' lang='grc' dir='ltr'><em>Ιοο.</em></span> <span class='ocrx_word' id='word_1_189' title='bbox 302 3249 343 3314; x_wconf 85' lang='lat' dir='ltr'>fr.</span> <span class='ocrx_word' id='word_1_190' title='bbox 361 3250 437 3333; x_wconf 87' lang='grc'>450,</span> <span class='ocrx_word' id='word_1_191' title='bbox 455 3250 507 3314; x_wconf 88' lang='grc' dir='ltr'>ΠΙ</span> <span class='ocrx_word' id='word_1_192' title='bbox 530 3271 561 3332; x_wconf 93' lang='lat' dir='ltr'>p.</span> <span class='ocrx_word' id='word_1_193' title='bbox 580 3252 654 3316; x_wconf 89' lang='grc'><em>493.</em></span> <span class='ocrx_word' id='word_1_194' title='bbox 687 3246 793 3339; x_wconf 80' lang='grc' dir='ltr'><em>μύλης</em></span> <span class='ocrx_word' id='word_1_195' title='bbox 815 3248 891 3317; x_wconf 80' lang='grc' dir='ltr'><em>ὕπο.</em></span> 
     </span>
    </p>
   </div>
   <div class='ocr_carea' id='block_1_8' title="bbox 127 3393 1355 4224">
    <p class='ocr_par' dir='ltr' id='par_1_11' title="bbox 127 3393 1355 4224">
     <span class='ocr_line' id='line_1_26' title="bbox 214 3393 1353 3478; baseline 0.001 -22"><span class='ocrx_word' id='word_1_196' title='bbox 214 3393 333 3459; x_wconf 88' lang='lat' dir='ltr'>Poetas</span> <span class='ocrx_word' id='word_1_197' title='bbox 362 3394 446 3458; x_wconf 89' lang='lat' dir='ltr'>hanc</span> <span class='ocrx_word' id='word_1_198' title='bbox 474 3393 754 3475; x_wconf 88' lang='lat' dir='ltr'>praepositionum</span> <span class='ocrx_word' id='word_1_199' title='bbox 783 3394 1017 3478; x_wconf 85' lang='lat' dir='ltr'>anastropham</span> <span class='ocrx_word' id='word_1_200' title='bbox 1046 3393 1143 3459; x_wconf 91' lang='lat' dir='ltr'>metri</span> <span class='ocrx_word' id='word_1_201' title='bbox 1171 3410 1272 3458; x_wconf 87' lang='lat' dir='ltr'>causa</span> <span class='ocrx_word' id='word_1_202' title='bbox 1296 3393 1353 3457; x_wconf 87' lang='lat' dir='ltr'>ad-</span> 
     </span>
     <span class='ocr_line' id='line_1_27' title="bbox 127 3497 1352 3584; baseline 0 -21"><span class='ocrx_word' id='word_1_203' title='bbox 127 3499 273 3565; x_wconf 87' lang='lat' dir='ltr'>hibuisse</span> <span class='ocrx_word' id='word_1_204' title='bbox 299 3500 350 3565; x_wconf 89' lang='lat' dir='ltr'>vel</span> <span class='ocrx_word' id='word_1_205' title='bbox 381 3501 457 3565; x_wconf 91' lang='lat' dir='ltr'>inde</span> <span class='ocrx_word' id='word_1_206' title='bbox 488 3508 641 3582; x_wconf 84' lang='lat' dir='ltr'>apparet,</span> <span class='ocrx_word' id='word_1_207' title='bbox 672 3503 756 3581; x_wconf 91' lang='lat' dir='ltr'>quod</span> <span class='ocrx_word' id='word_1_208' title='bbox 780 3508 913 3582; x_wconf 86' lang='lat' dir='ltr'>praeter</span> <span class='ocrx_word' id='word_1_209' title='bbox 935 3519 1058 3582; x_wconf 90' lang='lat' dir='ltr'>paucos</span> <span class='ocrx_word' id='word_1_210' title='bbox 1081 3501 1171 3566; x_wconf 91' lang='lat' dir='ltr'>locos</span> <span class='ocrx_word' id='word_1_211' title='bbox 1194 3497 1352 3584; x_wconf 69' lang='lat' dir='ltr'>(lyricos</span> 
     </span>
     <span class='ocr_line' id='line_1_28' title="bbox 127 3605 1354 3690; baseline 0 -20"><span class='ocrx_word' id='word_1_212' title='bbox 127 3606 210 3671; x_wconf 92' lang='lat' dir='ltr'>Nub.</span> <span class='ocrx_word' id='word_1_213' title='bbox 231 3607 304 3688; x_wconf 90' lang='grc'>279,</span> <span class='ocrx_word' id='word_1_214' title='bbox 330 3609 404 3688; x_wconf 93' lang='grc'>956,</span> <span class='ocrx_word' id='word_1_215' title='bbox 430 3608 509 3690; x_wconf 87' lang='lat' dir='ltr'>Lys.</span> <span class='ocrx_word' id='word_1_216' title='bbox 529 3609 624 3689; x_wconf 90' lang='grc'>1289,</span> <span class='ocrx_word' id='word_1_217' title='bbox 651 3608 912 3689; x_wconf 88' lang='lat' dir='ltr'>anapaestioum:</span> <span class='ocrx_word' id='word_1_218' title='bbox 938 3607 1060 3674; x_wconf 84' lang='lat' dir='ltr'>Oratet.</span> <span class='ocrx_word' id='word_1_219' title='bbox 1080 3607 1120 3672; x_wconf 85' lang='lat' dir='ltr'>fr.</span> <span class='ocrx_word' id='word_1_220' title='bbox 1140 3607 1211 3688; x_wconf 69' lang='lat'>172,</span> <span class='ocrx_word' id='word_1_221' title='bbox 1236 3605 1354 3671; x_wconf 89' lang='lat' dir='ltr'>iambi·</span> 
     </span>
     <span class='ocr_line' id='line_1_29' title="bbox 128 3712 1355 3800; baseline 0.002 -24"><span class='ocrx_word' id='word_1_222' title='bbox 128 3732 213 3777; x_wconf 90' lang='lat' dir='ltr'>cum:</span> <span class='ocrx_word' id='word_1_223' title='bbox 245 3715 323 3796; x_wconf 88' lang='lat' dir='ltr'>Lys.</span> <span class='ocrx_word' id='word_1_224' title='bbox 344 3715 447 3800; x_wconf 83' lang='lat'>1146)</span> <span class='ocrx_word' id='word_1_225' title='bbox 478 3715 740 3796; x_wconf 87' lang='lat' dir='ltr'>praepositiones</span> <span class='ocrx_word' id='word_1_226' title='bbox 767 3734 895 3796; x_wconf 87' lang='lat' dir='ltr'>semper</span> <span class='ocrx_word' id='word_1_227' title='bbox 917 3715 953 3779; x_wconf 91' lang='lat' dir='ltr'>in</span> <span class='ocrx_word' id='word_1_228' title='bbox 976 3714 1039 3780; x_wconf 91' lang='lat' dir='ltr'>fine</span> <span class='ocrx_word' id='word_1_229' title='bbox 1062 3732 1177 3781; x_wconf 88' lang='lat' dir='ltr'>versus</span> <span class='ocrx_word' id='word_1_230' title='bbox 1200 3712 1355 3795; x_wconf 82' lang='lat' dir='ltr'>legrmtur</span> 
     </span>
     <span class='ocr_line' id='line_1_30' title="bbox 128 3807 1354 3902; baseline 0 -17"><span class='ocrx_word' id='word_1_231' title='bbox 128 3819 296 3902; x_wconf 86' lang='lat' dir='ltr'>videlicet,</span> <span class='ocrx_word' id='word_1_232' title='bbox 331 3823 417 3901; x_wconf 92' lang='lat' dir='ltr'>quod</span> <span class='ocrx_word' id='word_1_233' title='bbox 450 3825 568 3888; x_wconf 91' lang='lat' dir='ltr'>bonam</span> <span class='ocrx_word' id='word_1_234' title='bbox 597 3840 712 3888; x_wconf 84' lang='lat' dir='ltr'>versus</span> <span class='ocrx_word' id='word_1_235' title='bbox 736 3807 918 3887; x_wconf 87' lang='lat' dir='ltr'>clausulam</span> <span class='ocrx_word' id='word_1_236' title='bbox 942 3821 1105 3887; x_wconf 87' lang='lat' dir='ltr'>facerent:</span> <span class='ocrx_word' id='word_1_237' title='bbox 1139 3821 1237 3902; x_wconf 87' lang='lat' dir='ltr'>Vcsp.</span> <span class='ocrx_word' id='word_1_238' title='bbox 1256 3819 1354 3901; x_wconf 89' lang='grc'>1118,</span> 
     </span>
     <span class='ocr_line' id='line_1_31' title="bbox 128 3925 1353 4011; baseline 0 -20"><span class='ocrx_word' id='word_1_239' title='bbox 128 3927 203 3992; x_wconf 89' lang='lat' dir='ltr'>Pac.</span> <span class='ocrx_word' id='word_1_240' title='bbox 223 3929 277 4010; x_wconf 87' lang='grc'>19,</span> <span class='ocrx_word' id='word_1_241' title='bbox 305 3930 383 4010; x_wconf 89' lang='grc'>105,</span> <span class='ocrx_word' id='word_1_242' title='bbox 409 3930 487 4011; x_wconf 91' lang='grc'>216,</span> <span class='ocrx_word' id='word_1_243' title='bbox 521 3931 581 3995; x_wconf 84' lang='lat' dir='ltr'>Av.</span> <span class='ocrx_word' id='word_1_244' title='bbox 601 3929 657 4011; x_wconf 87' lang='grc'>23,</span> <span class='ocrx_word' id='word_1_245' title='bbox 684 3930 762 4011; x_wconf 90' lang='grc'>113,</span> <span class='ocrx_word' id='word_1_246' title='bbox 789 3928 890 4010; x_wconf 94' lang='grc'>1101,</span> <span class='ocrx_word' id='word_1_247' title='bbox 922 3929 1017 4009; x_wconf 92' lang='grc'>1517,</span> <span class='ocrx_word' id='word_1_248' title='bbox 1050 3927 1150 4009; x_wconf 90' lang='grc'>1631,</span> <span class='ocrx_word' id='word_1_249' title='bbox 1180 3927 1260 4010; x_wconf 88' lang='lat' dir='ltr'>Lys.</span> <span class='ocrx_word' id='word_1_250' title='bbox 1278 3925 1353 4008; x_wconf 88' lang='lat'>190,</span> 
     </span>
     <span class='ocr_line' id='line_1_32' title="bbox 129 4032 1353 4123; baseline 0 -26"><span class='ocrx_word' id='word_1_251' title='bbox 129 4034 203 4115; x_wconf 91' lang='grc'>627,</span> <span class='ocrx_word' id='word_1_252' title='bbox 232 4035 328 4117; x_wconf 88' lang='grc'>1145,</span> <span class='ocrx_word' id='word_1_253' title='bbox 356 4036 450 4118; x_wconf 89' lang='grc'>1235,</span> <span class='ocrx_word' id='word_1_254' title='bbox 485 4037 612 4101; x_wconf 79' lang='lat' dir='ltr'>Thesm.</span> <span class='ocrx_word' id='word_1_255' title='bbox 632 4036 729 4117; x_wconf 93' lang='grc'>1102,</span> <span class='ocrx_word' id='word_1_256' title='bbox 761 4037 845 4101; x_wconf 85' lang='lat' dir='ltr'>Ran.</span> <span class='ocrx_word' id='word_1_257' title='bbox 863 4036 937 4117; x_wconf 91' lang='grc'>809,</span> <span class='ocrx_word' id='word_1_258' title='bbox 965 4035 1060 4117; x_wconf 89' lang='grc'>1426,</span> <span class='ocrx_word' id='word_1_259' title='bbox 1094 4033 1233 4123; x_wconf 66' lang='lat' dir='ltr'>Eucti,</span> <span class='ocrx_word' id='word_1_260' title='bbox 1255 4032 1353 4098; x_wconf 87' lang='lat' dir='ltr'>Plut.</span> 
     </span>
     <span class='ocr_line' id='line_1_33' title="bbox 130 4140 1354 4224; baseline 0.001 -20"><span class='ocrx_word' id='word_1_261' title='bbox 130 4142 192 4205; x_wconf 90' lang='grc'>199</span> <span class='ocrx_word' id='word_1_262' title='bbox 218 4148 277 4207; x_wconf 89' lang='lat' dir='ltr'>etc.</span> <span class='ocrx_word' id='word_1_263' title='bbox 324 4143 377 4207; x_wconf 79' lang='lat' dir='ltr'>Ea</span> <span class='ocrx_word' id='word_1_264' title='bbox 406 4144 445 4207; x_wconf 90' lang='lat' dir='ltr'>de</span> <span class='ocrx_word' id='word_1_265' title='bbox 475 4162 574 4208; x_wconf 89' lang='lat' dir='ltr'>causa</span> <span class='ocrx_word' id='word_1_266' title='bbox 604 4142 703 4207; x_wconf 91' lang='lat' dir='ltr'>etiam</span> <span class='ocrx_word' id='word_1_267' title='bbox 733 4142 835 4207; x_wconf 91' lang='lat' dir='ltr'>multo</span> <span class='ocrx_word' id='word_1_268' title='bbox 866 4142 997 4224; x_wconf 89' lang='lat' dir='ltr'>saepius</span> <span class='ocrx_word' id='word_1_269' title='bbox 1031 4140 1152 4224; x_wconf 85' lang='lat' dir='ltr'>tragici</span> <span class='ocrx_word' id='word_1_270' title='bbox 1182 4141 1245 4207; x_wconf 88' lang='lat' dir='ltr'>hac</span> <span class='ocrx_word' id='word_1_271' title='bbox 1274 4159 1354 4206; x_wconf 78' lang='lat' dir='ltr'>ana</span> 
     </span>
    </p>
   </div>
   <div class='ocr_carea' id='block_1_9' title="bbox 129 4335 1354 4583">
    <p class='ocr_par' dir='ltr' id='par_1_12' title="bbox 129 4335 1354 4583">
     <span class='ocr_line' id='line_1_34' title="bbox 221 4335 1183 4405; baseline -0.002 -14"><span class='ocrx_word' id='word_1_272' title='bbox 221 4336 239 4405; x_wconf 86' lang='lat'>¹)</span> <span class='ocrx_word' id='word_1_273' title='bbox 260 4337 300 4391; x_wconf 91' lang='lat' dir='ltr'>De</span> <span class='ocrx_word' id='word_1_274' title='bbox 320 4337 432 4391; x_wconf 86' lang='lat' dir='ltr'>articuli</span> <span class='ocrx_word' id='word_1_275' title='bbox 450 4339 586 4405; x_wconf 86' lang='lat' dir='ltr'>positione</span> <span class='ocrx_word' id='word_1_276' title='bbox 605 4339 776 4390; x_wconf 86' lang='lat' dir='ltr'>commutata</span> <span class='ocrx_word' id='word_1_277' title='bbox 793 4336 855 4390; x_wconf 85' lang='lat' dir='ltr'>vide</span> <span class='ocrx_word' id='word_1_278' title='bbox 873 4335 966 4390; x_wconf 82' lang='lat' dir='ltr'>Fullor</span> <span class='ocrx_word' id='word_1_279' title='bbox 984 4336 1002 4389; x_wconf 93' lang='lat' dir='ltr'>l.</span> <span class='ocrx_word' id='word_1_280' title='bbox 1016 4351 1038 4392; x_wconf 88' lang='grc' dir='ltr'>ο.</span> <span class='ocrx_word' id='word_1_281' title='bbox 1057 4351 1083 4403; x_wconf 93' lang='lat' dir='ltr'>p.</span> <span class='ocrx_word' id='word_1_282' title='bbox 1096 4336 1131 4389; x_wconf 89' lang='grc'>32</span> <span class='ocrx_word' id='word_1_283' title='bbox 1150 4335 1183 4390; x_wconf 82' lang='grc' dir='ltr'>Ε.</span> 
     </span>
     <span class='ocr_line' id='line_1_35' title="bbox 217 4420 1354 4496; baseline -0.002 -17"><span class='ocrx_word' id='word_1_284' title='bbox 217 4427 237 4493; x_wconf 79' lang='lat'>²)</span> <span class='ocrx_word' id='word_1_285' title='bbox 256 4426 297 4479; x_wconf 91' lang='lat' dir='ltr'>De</span> <span class='ocrx_word' id='word_1_286' title='bbox 316 4429 343 4479; x_wconf 90' lang='lat' dir='ltr'>vi</span> <span class='ocrx_word' id='word_1_287' title='bbox 363 4431 391 4480; x_wconf 91' lang='lat' dir='ltr'>et</span> <span class='ocrx_word' id='word_1_288' title='bbox 410 4443 461 4481; x_wconf 90' lang='lat' dir='ltr'>usu</span> <span class='ocrx_word' id='word_1_289' title='bbox 484 4425 717 4494; x_wconf 86' lang='lat' dir='ltr'>praepositionum</span> <span class='ocrx_word' id='word_1_290' title='bbox 742 4429 795 4491; x_wconf 76' lang='grc' dir='ltr'>ἐπί,</span> <span class='ocrx_word' id='word_1_291' title='bbox 815 4422 891 4496; x_wconf 78' lang='grc' dir='ltr'><em>μετά,</em></span> <span class='ocrx_word' id='word_1_292' title='bbox 912 4422 995 4496; x_wconf 76' lang='grc' dir='ltr'><em>παρά,</em></span> <span class='ocrx_word' id='word_1_293' title='bbox 1015 4430 1087 4496; x_wconf 81' lang='grc' dir='ltr'><em>περί,</em></span> <span class='ocrx_word' id='word_1_294' title='bbox 1106 4422 1183 4496; x_wconf 80' lang='grc' dir='ltr'><em>πρός,</em></span> <span class='ocrx_word' id='word_1_295' title='bbox 1203 4420 1257 4479; x_wconf 75' lang='grc' dir='ltr'>ὑπό</span> <span class='ocrx_word' id='word_1_296' title='bbox 1282 4422 1354 4490; x_wconf 81' lang='lat' dir='ltr'>apud</span> 
     </span>
     <span class='ocr_line' id='line_1_36' title="bbox 129 4515 606 4583; baseline 0.013 -17"><span class='ocrx_word' id='word_1_297' title='bbox 129 4515 349 4583; x_wconf 86' lang='lat' dir='ltr'>Aristophanem.</span> <span class='ocrx_word' id='word_1_298' title='bbox 375 4516 438 4572; x_wconf 85' lang='lat' dir='ltr'>Hal.</span> <span class='ocrx_word' id='word_1_299' title='bbox 452 4516 514 4571; x_wconf 78' lang='lat' dir='ltr'>Sex.</span> <span class='ocrx_word' id='word_1_300' title='bbox 528 4516 606 4573; x_wconf 90' lang='grc'>1890.</span> 
     </span>
    </p>
   </div>
   <div class='ocr_carea' id='block_1_10' title="bbox 0 0 1525 5010">
    <p class='ocr_par' dir='ltr' id='par_1_13' title="bbox 0 0 1525 5010">
     <span class='ocr_line' id='line_1_37' title="bbox 0 0 1525 5010; baseline 0 0"><span class='ocrx_word' id='word_1_301' title='bbox 0 0 1525 5010; x_wconf 95' lang='lat' dir='ltr'> </span> 
     </span>
    </p>
   </div>
  </div>
 </body>
</html>
