3038 5010
662 481 903 547 ..27-

195 667 338 722 accentu
364 657 552 722 verborum
578 676 679 742 quem
717 655 833 722 dicunt
860 654 958 722 elata.
1006 652 1091 720 Item
1116 653 1295 742 Georgius
1318 654 1369 722 Pi·

194 762 287 830 sides
299 767 333 845 ¹),
359 763 416 850 qui
441 762 581 829 saeculo
606 762 754 851 septimo
778 761 904 842 floruit,
930 763 1050 843 verba,
1079 784 1227 850 quorum
1252 761 1370 829 ultima

194 870 327 955 syllaba
351 883 495 936 accentu
512 871 700 936 verborum
718 867 918 958 percutitur,
943 867 976 935 in
1001 867 1069 935 fine
1086 890 1212 935 versus
1236 890 1368 956 ponere

195 977 328 1056 vitavit,
361 988 492 1042 tantum
525 989 813 1064 proparoxytona
837 975 892 1042 vel
924 986 1144 1064 paroxytona
1175 986 1367 1042 extremum

194 1082 225 1149 in
239 1105 379 1153 versum
396 1083 532 1151 admisit
539 1107 547 1164 ;
574 1106 663 1172 quae
679 1085 734 1151 lex
752 1095 832 1172 post
849 1083 922 1149 eius
947 1095 1105 1170 tempora
1129 1082 1230 1150 etiam
1256 1105 1368 1149 exem·

194 1189 250 1276 plo
266 1188 458 1257 Babrianae
483 1189 565 1257 artis
589 1190 753 1256 metricae
776 1189 821 1256 ita
844 1188 975 1258 intenta
999 1201 1061 1274 est,
1088 1201 1125 1256 ut
1148 1202 1371 1279 paroxytona

193 1297 267 1365 sola
284 1297 315 1364 in
331 1319 494 1365 versuum
513 1297 641 1363 exitum
659 1296 931 1364 admitterentur.
979 1298 1124 1365 Frustra
1140 1295 1173 1364 in
1191 1297 1243 1364 bis
1268 1318 1368 1384 argu·

194 1404 412 1471 mentisillam
423 1404 536 1492 legem
547 1416 690 1492 quaerat
700 1403 880 1492 quispiam.
903 1403 1098 1471 Memoratu
1108 1425 1214 1492 porro
1223 1402 1367 1490 dignum

193 1524 246 1578 est
259 1505 449 1579 solutiones
463 1535 506 1578 ex
521 1533 618 1578 more
631 1511 843 1597 tragicorum
856 1511 1085 1599 potiusquam
1096 1510 1308 1577 comicorum
1320 1509 1368 1578 di-

193 1618 475 1706 dacticorumque
515 1629 694 1705 poetarum
730 1640 748 1684 a
780 1617 909 1685 Babrio
949 1617 1272 1705 posterioribusque
1312 1616 1368 1683 ad-

194 1724 292 1804 mitti;
318 1738 556 1813 anapaestum,
582 1736 619 1791 ut
643 1725 839 1813 exemplum
865 1723 1017 1804 afferam,
1043 1725 1152 1792 solam
1171 1723 1315 1812 primam
1334 1724 1366 1790 in

192 1833 310 1900 sedem
343 1844 376 1898 et
407 1844 543 1898 ceteros
575 1832 606 1897 in
637 1831 746 1919 pedes
770 1843 900 1898 tantum
925 1831 958 1898 in
984 1833 1122 1898 nomina
1146 1829 1287 1920 propria
1312 1831 1368 1898 ad-

192 1938 326 2005 mittunt
343 1949 377 2004 et
401 1938 431 2004 in
451 1937 626 2026 quaedam
639 1938 748 2004 verba
770 1937 868 2005 facile
892 1938 1139 2008 contrahenda.
1186 1936 1255 2003 Iam
1273 1937 1365 2026 apud

193 2044 342 2112 Pisidem
365 2044 519 2112 trimeter
535 2037 702 2111 iambicus
727 2067 746 2111 e
771 2042 953 2111 duodecim
979 2044 1122 2133 syllabis
1148 2056 1297 2124 constat;
1322 2044 1367 2111 in·

192 2152 334 2240 tegritas
351 2150 457 2238 igitur
473 2152 599 2240 pedum
617 2164 788 2222 servatur.
836 2149 993 2230 Accedit,
1018 2152 1112 2239 quod
1130 2150 1277 2219 Babrius
1301 2151 1366 2237 syl·

187 2258 303 2326 labam
337 2258 487 2325 ultimam
514 2280 641 2325 vocum
672 2257 920 2346 bisyllabarum
945 2271 1004 2325 aut
1028 2257 1179 2326 ultimam
1205 2256 1365 2346 paenulti-

191 2388 352 2455 mamque
371 2365 665 2454 polysyllabarum
685 2365 715 2432 in
734 2365 803 2432 arsi
825 2365 937 2432 soluta
961 2365 1030 2433 ictu
1048 2377 1231 2454 percutere
1252 2386 1366 2453 asper·

192 2486 300 2553 natur,
332 2496 401 2560 qua
432 2473 463 2540 in
489 2474 567 2561 lege
591 2474 698 2541 semel
723 2474 755 2540 in
781 2474 834 2541 his
858 2473 1074 2561 argumentis
1098 2487 1276 2563 peccatum
1303 2485 1365 2552 est,

191 2581 222 2648 in
249 2605 280 2647 v.
306 2604 327 2667 4
351 2603 425 2668 arg.
452 2580 531 2648 Pac.
579 2580 755 2648 Caesuras
780 2593 893 2648 autem
919 2578 1066 2649 Babrius
1098 2602 1285 2668 numquam
1312 2603 1366 2648 ne-

191 2687 297 2771 glexit
341 2710 404 2754 nec
448 2687 725 2776 semiquinariam
771 2710 834 2755 nec
877 2688 1206 2776 semiseptenariam.
1268 2688 1365 2776 Ergo

191 2807 313 2862 auctor
340 2794 464 2860 horum
491 2808 777 2882 argumentorum
802 2799 844 2862 ab
870 2808 943 2862 arte
967 2795 1109 2862 metrica
1133 2793 1365 2884 posteriorum

190 2913 370 2990 poetarum
396 2901 620 2968 iambicorum
648 2902 747 2989 plane
772 2902 903 2969 alienus
927 2915 989 2974 est.

279 3035 371 3104 Num
417 3039 493 3125 quis
535 3037 693 3105 dubitare
736 3051 866 3126 potest,
904 3039 984 3127 quin
1030 3040 1114 3105 haec
1159 3048 1368 3125 argumenta

190 3156 333 3232 propter
374 3157 519 3211 metrum
560 3144 673 3233 ipsum
714 3145 929 3233 temporibus
970 3144 1231 3226 Alexandrinis,
1276 3143 1367 3211 attri-

190 3251 328 3317 buenda
352 3251 428 3331 sint,
455 3251 535 3339 quin
560 3251 601 3318 illi
627 3251 688 3318 viri
713 3251 815 3330 docti,
849 3274 938 3339 quos
963 3252 1056 3318 initio
1081 3251 1182 3319 huius
1207 3249 1366 3339 opusculi

191 3359 470 3440 commemoravi,
504 3380 571 3424 non
607 3371 700 3425 recte
732 3357 884 3438 fecerint,
919 3358 1014 3445 quod
1047 3358 1133 3425 haec
1159 3369 1367 3445 argumenta

191 3464 266 3529 aevi
283 3462 388 3531 infimi
406 3487 484 3532 esse
500 3464 680 3553 Byzantini
698 3464 880 3532 dixerunt?
911 3464 1098 3532 Praeterea
1115 3476 1228 3549 autem
1247 3486 1368 3531 sermo

190 3570 311 3637 horum
348 3584 633 3658 argumentorum
666 3584 823 3661 tempora
856 3572 1092 3639 Alexandrina
1124 3573 1222 3660 sapit.
1271 3570 1367 3655 Quo-

190 3677 278 3745 niam
311 3690 425 3745 autem
453 3677 613 3765 Wagner
642 3679 673 3745 in
703 3701 768 3746 suo
793 3677 1041 3746 commentario
1065 3679 1109 3745 de
1132 3700 1294 3745 sermone
1319 3691 1365 3746 at·

191 3807 257 3872 que
282 3785 396 3851 indole
422 3801 706 3872 argumentorum
732 3785 841 3853 fusius
874 3785 1046 3867 disseruit,
1081 3797 1212 3852 tantum
1244 3785 1365 3873 paucis
1434 3834 1437 3841 -

191 3894 306 3959 verbis
331 3915 381 3971 ea,
416 3915 504 3979 quae
529 3893 653 3960 summi
678 3894 841 3960 momenti
865 3906 956 3973 sunt,
993 3892 1107 3960 dicere
1131 3892 1214 3959 satis
1239 3892 1362 3959 babeo.

279 4028 332 4093 Ac
342 4026 487 4114 primum
501 4027 638 4114 quidem
652 4028 774 4094 mirum
789 4041 852 4107 est,
867 4048 935 4113 qua
949 4039 1105 4114 egestate
1118 4041 1223 4112 atque
1235 4025 1370 4113 exiguim

191 4208 403 4216 ——..

280 4311 299 4374 ¹)
320 4310 354 4365 cf.
376 4310 526 4366 Gleditsch
546 4311 562 4365 l.
584 4329 607 4366 c.
627 4330 654 4382 p.
677 4329 735 4382 142.
