3038 5010
193 435 234 495 ro
712 427 803 510 [rsa]

193 625 280 710 prius
292 643 448 707 nusquam
457 621 561 684 animo
572 619 712 704 speravit
721 641 755 683 se
764 639 941 703 passurum,
952 620 1079 687 domino
1089 623 1184 688 huius
1193 627 1327 700 terrae‚“

194 736 230 794 ut
252 727 397 792 dominus
420 732 523 788 terrae
547 725 586 787 sit
608 723 730 808 Lycus⁷
762 725 812 787 cui
833 725 1011 804 imminere,
1043 747 1140 808 quam
1163 749 1327 813 nunquam

193 833 352 911 metuerit,
369 830 522 893 ultionem
537 828 652 892 chorus
667 828 838 913 praedicet,
856 830 982 896 obstare
998 831 1132 896 verbum
1147 831 1243 896 πόλιν.
1276 830 1327 895 Ad

194 936 278 1021 quod
302 933 455 998 tuendum
484 932 573 994 nihili
604 938 667 1012 est,
699 932 784 1016 quod
810 932 967 998 Matthiae
997 933 1137 1017 profert,
1169 935 1209 999 ad
1240 934 1329 1000 πόλιν

192 1042 352 1125 pertinere
378 1038 472 1117 idom,
505 1036 589 1121 quod
622 1035 732 1119 Spohn
763 1037 836 1101 lect.
860 1034 995 1101 Theocr.
1020 1059 1105 1122 spec.
1129 1038 1146 1102 I
1167 1062 1198 1124 p.
1224 1042 1264 1104 32
1288 1040 1328 1106 de

193 1139 284 1221 αὖθις
309 1148 341 1207 et
363 1139 412 1220 ἄψ
436 1140 598 1225 particulis
627 1141 795 1222 monuerit,
825 1161 903 1224 quas
926 1141 1001 1225 poni
1032 1142 1159 1226 quando
1188 1143 1244 1208 fiat
1272 1145 1329 1208 aii·

192 1249 267 1333 quid
293 1246 378 1332 quod
402 1244 541 1310 nondum
566 1245 606 1308 sit
628 1243 756 1324 factum,
780 1266 837 1328 per
859 1245 937 1308 illud
962 1252 1070 1310 autem
1099 1247 1212 1331 ipsum,
1241 1246 1327 1332 quod

192 1353 257 1433 fiat,
280 1350 366 1415 aliud
389 1349 464 1434 quid
487 1350 518 1411 in
542 1347 707 1432 pristinam
729 1348 916 1412 restituatur
938 1348 1155 1414 condicionem
1171 1359 1226 1415 aut
1242 1351 1328 1436 quod

192 1458 232 1520 sit
260 1456 379 1519 interea
408 1453 543 1532 factum,
573 1452 635 1514 iam
665 1451 815 1515 reddatur
843 1453 974 1517 irritum.
1026 1453 1209 1520 Sententiae
1239 1478 1328 1536 vero,

194 1581 288 1644 quam
303 1558 420 1640 Pflugk
436 1557 519 1620 facili
534 1557 708 1620 mutatione
725 1557 812 1620 verbi
829 1553 954 1640 ἤλπισεν
970 1559 1003 1620 in
1017 1555 1162 1641 ἤλπισ(α)
1177 1556 1216 1622 όν
1233 1560 1330 1624 infert

192 1665 262 1728 loco
290 1662 425 1744 „Rediit
449 1662 534 1745 quod
557 1682 715 1744 nusquam
730 1662 856 1745 speravi
873 1659 950 1742 fore,
974 1668 1009 1724 ut
1025 1662 1099 1724 mihi
1117 1665 1328 1748 contingeret,

192 1789 250 1831 rex
272 1771 375 1831 terrae
398 1765 509 1828 huius“
536 1763 617 1847 (scil.
633 1762 814 1844 Hercules),
837 1763 1006 1828 Wecklein
1030 1767 1063 1829 in
1077 1767 1171 1831 tertia
1187 1766 1327 1833 editione

194 1871 322 1935 obstare
346 1871 477 1933 verbum
501 1874 612 1931 παθεῖν
639 1876 724 1932 recte
756 1867 897 1932 adnotat.
942 1869 1005 1933 Sed
1037 1877 1201 1956 utcunque
1231 1871 1328 1938 inter·

192 1976 338 2061 pretoris,
369 1994 468 2037 unum
497 1994 547 2036 me
572 1972 700 2056 quidem
725 1972 858 2037 offendit
888 1973 1079 2037 vocabulum
1110 1973 1213 2056 πόρος,
1242 1977 1329 2062 quod

194 2080 234 2145 ad
258 2077 360 2143 οὔποτ’
384 2075 509 2161 ἤλπισεν
538 2077 589 2141 vel
620 2074 718 2158 ijtnro'
746 2073 784 2139 ἂν
813 2077 956 2142 additum
986 2100 1050 2143 non
1074 2079 1177 2145 solum
1206 2081 1327 2165 inutile,

193 2186 249 2250 sed
274 2186 369 2250 etiam
392 2182 563 2245 molestum
585 2180 709 2244 videtur
733 2202 812 2246 esse.

294 2286 505 2352 Difficultates
528 2286 597 2349 tolli
618 2306 713 2368 posse
743 2286 934 2370 negaverim,
964 2286 1033 2368 nisi,
1064 2293 1135 2351 uter
1163 2288 1225 2351 hoc
1254 2289 1326 2355 loco

193 2393 233 2458 ab
255 2390 407 2477 Euripide
437 2390 537 2474 possit
567 2388 722 2452 nominari
751 2387 827 2464 ἄναξ
849 2395 920 2470 γᾶς,
950 2389 1056 2474 Lycus
1085 2412 1127 2454 an
1158 2390 1326 2476 Hercules,

193 2497 454 2583 quaesiverimus.

295 2598 333 2662 In
349 2598 454 2683 priore
469 2596 595 2661 fabulae
609 2603 700 2680 parte
715 2597 848 2660 verbum
859 2593 933 2672 όκαξ
948 2597 993 2679 (v.
1006 2599 1079 2679 589,
1090 2601 1162 2679 602,
1176 2601 1252 2682 707)
1268 2621 1327 2666 nec

196 2725 260 2769 non
283 2703 415 2786 κοίρανος
434 2697 549 2784 χθονός
565 2701 609 2781 (r.
629 2700 704 2781 138)
719 2700 844 2786 Lycum
859 2701 1023 2784 significat.
1056 2703 1106 2767 Do
1122 2704 1237 2768 eodem
1253 2725 1327 2770 vero

194 2806 353 2891 quomodo
377 2805 434 2868 viri
458 2803 542 2868 docti
565 2805 725 2887 potuerint
748 2804 890 2888 cogitare
912 2825 941 2868 v.
966 2807 1027 2870 735
1051 2812 1083 2870 et
1107 2810 1184 2872 736ε
1213 2813 1325 2873 Μετα-

193 2908 268 2994 βολσὶ
292 2911 399 2974 κακῶν·
421 2906 517 2990 μόγας
538 2905 554 2971 ὁ
578 2905 694 2989 πρόσθ’
716 2906 813 2987 daut}
835 2906 924 2972 πάλιν
952 2908 1135 2994 ὑποστρέφει
1157 2913 1259 2993 βίοτον
1286 2913 1327 2990 εἰς

188 3013 306 3091 Ἅιδαν,
330 3013 475 3098 equidem
493 3013 547 3075 vix
562 3012 723 3097 intellego.
761 3011 842 3076 Nam
858 3014 995 3097 primum
1011 3014 1144 3078 offendit
1162 3016 1327 3099 epitheton

193 3117 297 3201 μέγας,
320 3124 388 3182 tum
411 3114 427 3178 ὁ
449 3113 563 3198 πρόσθ’
585 3113 660 3190 ἄναξ
674 3116 792 3201 Lycus,
810 3115 886 3180 dum
901 3118 990 3196 vivit,
1014 3119 1120 3202 inepte
1136 3119 1327 3203 appellatur,

195 3246 265 3288 oum
296 3221 482 3307 praesertim
512 3221 539 3283 is
568 3241 597 3284 v.
629 3222 689 3284 768
719 3222 834 3284 iterum
863 3219 938 3296 ἄναξ
962 3228 993 3286 ct
1027 3221 1042 3285 ὁ
1073 3219 1170 3299 καινός
1200 3221 1327 3307 quidem

194 3327 383 3391 nominetur.
427 3325 490 3389 Hic
512 3327 601 3389 locus
624 3325 793 3391 manifesto
815 3324 941 3407 indicat,
971 3327 1041 3410 quis
1064 3328 1151 3390 solus
1175 3325 1190 3389 ὁ
1214 3325 1326 3409 πρόσθ’

195 3430 267 3504 dvc}
289 3431 389 3513 possit
405 3429 567 3513 appellari,
583 3427 740 3493 Hercules
756 3430 886 3509 scilicet,
910 3429 964 3516 qui
979 3428 1067 3513 Lyco
1083 3431 1127 3493 ita
1144 3432 1325 3515 opponitur,

194 3543 231 3600 ut
254 3534 305 3598 hic
327 3531 470 3610 ὁκαινός,
492 3533 560 3617 ipse
583 3531 598 3597 ὁ
624 3534 800 3616 παλαίτερος
823 3531 897 3608 ἄναξ
916 3534 1107 3598 nominetur.
1153 3534 1221 3597 Iam
1245 3555 1328 3619 quae

142 3664 145 3670 ·
194 3640 289 3703 fuerit
311 3637 467 3702 sententia
491 3658 637 3701 versuum
663 3639 723 3702 735
749 3645 781 3701 et
812 3639 890 3717 736,
920 3637 1052 3701 verbum
1075 3635 1177 3714 πόλιν,
1203 3637 1234 3699 in
1261 3659 1325 3722 quo

194 3743 353 3808 neminem
375 3743 514 3804 virorum
536 3741 703 3805 doctorum
728 3741 864 3806 haesisse
881 3742 987 3820 miror,
1002 3740 1134 3804 indicat:
1157 3738 1228 3805 Non
1246 3739 1326 3825 Lyci

195 3852 298 3910 morte
321 3843 376 3909 sed
394 3843 543 3910 Herculis
567 3866 607 3908 ex
624 3844 708 3910 Orco
725 3845 828 3909 reditu
844 3846 982 3909 laetatur
995 3843 1122 3925 chorus,
1145 3865 1240 3928 quam
1255 3867 1326 3911 sen·

193 3950 324 4017 tentiam
347 3950 489 4014 effeceris
512 3947 694 4013 scribendo:
727 3945 899 4028 Μεταβολαί
921 3949 1030 4010 κακῶν·
1052 3945 1147 4029 μέγας
1170 3945 1186 4011 o'
1209 3946 1325 4030 πρόσθ’

195 4051 269 4129 ἄναξ
287 4053 292 4134 i
311 4051 401 4116 πόλιν
423 4051 603 4138 ὑποστρέφει
625 4052 728 4134 βίοτον
751 4054 789 4126 ἐξ
803 4049 924 4114 ’πόκόοα

296 4157 341 4220 Ut
362 4157 425 4221 iam
448 4156 489 4220 ad
513 4178 586 4220 eum
608 4154 714 4218 locum
729 4154 905 4231 redeamus,
928 4153 1013 4216 unde
1028 4153 1188 4238 progressi
1204 4136 1324 4224 sumus,

195 4261 302 4344 quiin
325 4260 523 4346 antistropha
545 4259 716 4343 respondet
738 4258 880 4324 versibus
905 4261 966 4326 735
990 4264 1022 4322 et
1045 4261 1116 4339 736,
1143 4279 1206 4322 vox
1237 4254 1325 4320 mito

194 4365 396 4428 manifestum
418 4364 588 4446 vestigium
611 4363 686 4426 mihi
711 4363 836 4429 videtur
853 4362 1023 4442 continere,
1046 4362 1096 4426 hio
1118 4380 1244 4445 quoque
1261 4381 1325 4423 non
