3038 5010
653 471 864 532 ..10-

279 659 451 724 nascamus
480 659 636 724 iuniorum
669 667 720 725 aa
748 658 789 725 ce
812 659 1008 724 carminibus
1035 664 1075 724 ιι
1100 640 1134 725 ιι
1156 663 1213 739 ιο,
1242 681 1329 747 quae

192 764 397 828 librariorum
421 764 632 848 neglegentia
656 764 835 828 deformata
859 784 931 829 esse
954 763 1115 829 videntur.

277 937 386 1001 Etiam
419 936 522 1000 maior
559 943 610 1001 est
648 957 802 1000 numerus
840 934 1044 1020 stropharum
1082 957 1124 1002 ex
1154 941 1328 1022 poetarum

193 1062 386 1106 nnacrconuu
403 1047 435 1106 et
452 1061 628 1106 courcoauu
643 1040 764 1105 fabulis
789 1041 974 1126 petitarum,
997 1062 1080 1126 quae
1097 1039 1227 1105 diiambi
1251 1042 1325 1105 loco

193 1147 415 1211 choriambum
441 1146 618 1210 admissum
641 1146 773 1211 habent.
810 1145 894 1209 Nam
917 1152 952 1209 ut
976 1146 1123 1210 omittam
1146 1145 1227 1209 duas
1252 1145 1327 1210 illas

193 1250 351 1335 strophas,
376 1271 510 1335 quarum
526 1255 665 1314 metrum
688 1248 783 1314 valde
807 1249 935 1314 dubites
959 1271 1034 1314 num
1058 1269 1192 1314 numero
1210 1270 1327 1314 ascen-

194 1354 282 1417 denti
305 1359 416 1438 aptum
440 1353 494 1415 sit:

389 1456 510 1522 Aesch.
534 1456 643 1539 Prom.
668 1458 896 1519 545-552=
911 1458 1096 1519 553-560
1113 1457 1136 1539 ¹)
1161 1461 1194 1520 et

388 1559 510 1625 Aesch.
533 1560 625 1625 Pers.
650 1562 833 1624 633-639
849 1591 889 1614 --=
902 1561 1129 1647 ono-(547²),

192 1685 253 1728 uec
276 1684 340 1727 non
363 1661 485 1727 Aesoh.
502 1662 597 1727 Eum.
616 1664 674 1726 381
690 1664 795 1727 -388
814 1695 853 1717 =
873 1662 1094 1748 389—3co‚³)
1112 1669 1220 1727 tamon
1243 1663 1326 1728 haec

193 1775 282 1832 certa
305 1768 455 1851 exempla
477 1766 673 1852 proferenda
696 1773 785 1831 sunt:

277 1881 385 1944 Primo
407 1881 480 1944 loco
504 1879 778 1944 commemorandi
802 1886 877 1944 sunt
895 1879 1053 1944 Ausonum
1069 1879 1326 1964 Agamemnonis

192 2007 304 2050 uorsus
329 1989 506 2048 cao-451
525 2017 565 2039 =
584 1987 777 2048 loa-470:

462 2092 609 2160 στένουσι
633 2087 662 2160 δ
666 2084 701 2160 εὖ
722 2092 866 2182 λέγοντες
889 2087 945 2158 δν-
1277 2129 1322 2167 445

463 2198 523 2283 δρα
545 2194 602 2263 τὸν
623 2197 682 2282 μὲν
704 2191 748 2275 ὡς
769 2192 874 2283 μάχης
897 2192 992 2282 ἰ’δρις,

461 2296 517 2366 τὸν
540 2294 567 2365 δ
594 2299 627 2366 ἐν
649 2304 767 2388 φοναῖς
788 2300 895 2380 καλῶς
918 2294 1046 2366 πεσόντ’

461 2397 635 2490 ἀλλοτρίας
658 2401 728 2468 διαὶ
751 2427 861 2490 γονοει-

460 2503 525 2586 rog.
548 2502 627 2573 τάδε
650 2502 726 2594 σῖγά
748 2532 799 2586 τις
820 2501 903 2592 βαδ-

460 2611 516 2692 ζει.
540 2606 702 2699 φθονερὸν
724 2605 751 2676 δ’
776 2605 831 2676 ὑπ’
858 2605 955 2699 trag
977 2610 1029 2698 ἕρ-

397 2754 399 2761 >
463 2739 521 2780 πει
543 2712 717 2801 προδίκοις
735 2709 927 2800 Ἀτρείδαις.

190 3340 224 3403 in
247 3339 361 3426 quibus
385 3339 562 3406 choriambi
585 3339 724 3426 dipodiis
740 3340 886 3406 iambicis
902 3341 992 3426 puris
1009 3337 1144 3404 admixti
1160 3340 1322 3424 leguntur.

261 3495 281 3562 1)
300 3494 399 3558 Christ,
418 3494 521 3548 Metrilr
540 3495 588 3548 der
607 3494 742 3549 Griechcn
761 3494 818 3548 und
838 3495 955 3549 Βιὸιιιοι1
974 3514 1001 3565 p.
1022 3495 1073 3548 568
1091 3495 1211 3547 metrum
1229 3509 1323 3548 versus

190 3581 240 3633 551
256 3603 288 3625 =
304 3581 356 3634 560
382 3580 690 3648 dactylo-trochaicum
717 3597 774 3635 esse
802 3581 871 3636 vult.
914 3581 1048 3644 Conradt‚
1080 3580 1125 3633 die
1148 3579 1324 3650 Abtheilung

190 3665 323 3733 lyrischer
343 3666 428 3720 Versa
452 3666 490 3719 im
514 3666 705 3736 griechischen
728 3668 830 3721 Drama
854 3670 905 3721 etc.
924 3667 936 3719 I
966 3666 1100 3736 (Berolini
1124 3666 1202 3734 1879)
1225 3684 1253 3735 p.
1272 3666 1323 3720 145

190 3756 309 3808 metrum
327 3753 520 3823 logaoedicum
538 3753 653 3807 mavult.

260 3843 281 3909 2)
301 3841 502 3910 Logaoedicam
521 3841 592 3895 hanc
611 3841 753 3911 stropham
779 3841 905 3911 appellat
923 3839 1071 3910 Westphal
1089 3841 1137 3893 11²
1154 3857 1180 3908 p.
1193 3839 1253 3895 833.
1282 3840 1322 3895 cf.

190 3928 274 3982 etiam
293 3927 422 3992 Conradt‚
441 3928 491 3996 lyr.
510 3927 602 3992 Versa,
621 3947 648 3997 p.
668 3929 727 3992 129;
754 3928 919 3994 Bernhardi,
942 3928 977 3981 de
995 3931 1074 3982 tonas
1093 3927 1123 3980 in
1141 3926 1240 3982 mediis
1258 3945 1322 3996 syn·

190 4015 297 4084 copatis
306 4032 357 4068 usu
367 4015 519 4082 Aeschyleo
531 4016 636 4084 (Progr.
650 4015 800 4070 Chemnitz.
815 4016 891 4079 1879)
904 4035 929 4087 p.
942 4017 974 4070 16
982 4037 988 4081 ;
1007 4017 1031 4070 J.
1042 4017 1075 4070 H.
1085 4015 1179 4070 Heinr.
1189 4014 1323 4079 Schmidt,

189 4103 234 4157 die
246 4102 429 4170 Eurhythmie
440 4101 471 4155 in
483 4102 537 4155 den
555 4103 768 4172 Chorgcsttngen
787 4103 836 4157 der
848 4103 982 4158 Griechen
995 4102 1121 4173 (Leipzig
1134 4103 1211 4171 1868)
1224 4121 1251 4172 p.
1262 4103 1321 4158 356.

260 4192 280 4256 1)
300 4189 388 4242 Huius
415 4189 544 4258 strophae
568 4189 622 4243 duo
641 4206 734 4243 versus
757 4190 851 4244 ultimi
873 4191 903 4243 in
930 4209 1016 4245 unum
1039 4189 1227 4259 coniungendi
1250 4188 1321 4243 mihi

188 4277 325 4331 videntur.

259 4364 280 4431 ⁴)
299 4362 391 4415 Aliam
403 4361 484 4415 metri
496 4362 611 4415 formam
627 4362 737 4416 malunt
750 4361 849 4426 Christ,
863 4362 983 4416 Metrik¹
998 4381 1024 4431 p.
1037 4363 1096 4426 553,
1109 4362 1157 4430 qui
1167 4363 1319 4432 glyconeos

189 4451 297 4511 statuit,
316 4448 445 4503 similiter
462 4447 547 4502 idem:
566 4447 611 4501 die
630 4448 807 4503 Continuicac
825 4453 876 4504 etc.
891 4468 918 4519 p.
932 4450 978 4513 55;
997 4449 1144 4518 Westphal
1162 4450 1189 4502 ll
1199 4453 1210 4484 ²
1228 4468 1255 4519 p.
1271 4450 1322 4504 523
