3038 5010
713 454 803 538 [191]
1285 456 1325 519 53

299 651 352 723 10)
364 646 437 712 Eur.
451 647 506 712 Or.
520 650 604 710 lbOa
620 645 709 728 λόγον
722 644 835 723 ἀπόδος
848 645 896 731 ἐφ’
907 644 926 708 ὅ
938 673 964 709 τι
977 645 1081 730 (χρὲος
1093 645 1220 727 ἐμόλετέ
1231 647 1328 728 ποτε),

301 756 356 832 11)
378 750 452 817 Hel.
477 754 539 817 696
563 748 611 814 ὅτε
634 749 777 832 μέλαθρα
800 749 890 834 λέχεά
914 749 1058 832 1²(e'leuov
1081 751 1117 815 ου’
1138 754 1278 834 lenosic’).

298 858 360 921 Hic
381 877 531 921 numerus
555 856 690 940 exiguus
713 876 777 919 nou
800 856 903 919 solum
927 855 1146 920 dochmiorum
1168 864 1241 940 post
1265 857 1326 940 syl·

188 961 298 1026 labam
322 967 477 1046 quartam,
500 959 676 1025 sedetiam
699 960 919 1025 dochmiorum
943 966 1014 1046 post
1032 961 1204 1026 secundam
1222 961 1326 1025 thesin

191 1066 331 1131 solutam
354 1065 535 1147 incisorum,
559 1085 621 1150 quo
645 1065 715 1129 loco
740 1064 959 1129 dochmiorum
982 1071 1015 1129 et
1037 1065 1139 1130 forma
1168 1065 1328 1152 primitiva

192 1178 225 1235 et
241 1169 326 1234 thesi
340 1169 442 1255 primu
458 1167 527 1234 sola
541 1167 648 1234 soluta
662 1168 831 1253 insignium
843 1170 1012 1232 maximam
1025 1175 1150 1255 partem
1163 1190 1328 1235 caesuram

192 1272 346 1338 exhibere
369 1272 576 1350 ostendimus,
604 1274 681 1338 satis
707 1272 925 1338 demonstrare
954 1273 1031 1337 mihi
1061 1274 1186 1338 videtur
1215 1280 1327 1359 poetas

193 1377 336 1441 consulto
361 1383 393 1441 et
415 1377 604 1443 abstinuisse
627 1378 658 1441 iu
682 1377 835 1442 dochmiis
858 1377 1001 1443 thesibus
1024 1379 1135 1443 solutis
1158 1378 1328 1444 decurren-

192 1481 278 1546 tibus
294 1480 354 1546 hac
370 1501 502 1548 caesura
517 1488 549 1546 et
564 1482 711 1547 incidisse
728 1504 837 1547 omnes
853 1482 913 1546 bos
929 1481 1094 1547 dochmios
1110 1489 1183 1567 post
1196 1483 1329 1568 primam

194 1584 308 1651 thesin

297 1689 361 1754 Cur
384 1698 492 1757 autem
514 1691 546 1755 in
568 1691 627 1755 hac
650 1691 869 1756 dochmiorum
892 1693 992 1756 classe
1016 1713 1035 1755 a
1057 1692 1168 1775 regula
1187 1691 1328 1774 generali

193 1792 382 1860 recesserint
396 1801 522 1880 poetae,
545 1795 597 1859 vix
614 1796 707 1859 aliam
722 1803 802 1880 puto
819 1817 946 1860 oausam
961 1817 1055 1881 posse
1072 1796 1211 1880 reperiri.
1233 1816 1327 1880 quam

195 1899 281 1984 quod
311 1920 442 1976 necesse
471 1899 567 1963 fuerit
596 1921 698 1964 vacuo
729 1909 874 1985 tempore
905 1901 1102 1985 compensari
1134 1899 1216 1963 arsin
1248 1901 1329 1962 iuter

194 2001 273 2067 duas
296 2004 404 2069 theses
427 2005 549 2069 solutas
572 2026 628 2090 per
651 2025 823 2089 syncopam
846 2005 1016 2070 sublatam.

296 2107 461 2173 Stabilitur
484 2109 579 2193 igitur
602 2108 707 2174 denuo
728 2109 910 2173 coniectura
932 2117 1051 2192 nostra,
1074 2108 1156 2193 pede
1181 2107 1327 2172 dochmio

194 2213 248 2297 qui
271 2212 386 2278 dicitur
409 2213 492 2278 effici
514 2214 683 2297 tripodiam
706 2213 873 2278 iambicam
892 2234 1033 2298 syncopa
1048 2234 1156 2278 arseos
1171 2210 1329 2277 secundae

194 2316 407 2403 conspicuam.
872 2377 875 2380 ,

296 2420 423 2484 Paucos
445 2421 517 2486 illos
541 2442 650 2487 versus
673 2421 830 2504 undecim,
861 2423 915 2506 qui
942 2420 1015 2486 huic
1045 2421 1245 2487 coniecturae
1275 2422 1330 2486 ob·

196 2531 279 2588 stare
303 2524 459 2603 videntur,
484 2547 524 2590 ne
549 2547 628 2612 opus
658 2527 786 2612 quidem
816 2536 864 2593 est
892 2547 1001 2591 omnes
1030 2529 1155 2592 mutari.
1200 2527 1331 2592 Possint
1436 2588 1441 2592 .

197 2629 279 2694 euim
302 2629 333 2710 ii,
357 2629 410 2712 qui
432 2651 451 2692 a
474 2630 595 2714 syllaba
620 2632 707 2696 brevi
727 2632 892 2718 incipiunt,
916 2653 986 2696 esse
1001 2631 1157 2716 tripodiae
1173 2632 1328 2696 iambicae

196 2733 294 2818 primo
318 2733 400 2818 pede
432 2743 628 2820 syncopatae
660 2737 702 2821 (Λ
723 2733 963 2819 &amul-⁸3),
995 2757 1072 2820 quos
1101 2757 1211 2800 versus
1241 2736 1327 2800 band

195 2860 264 2903 raro
289 2860 453 2906 occurrere
478 2841 676 2905 consociatos
700 2841 853 2907 dochmiis
876 2841 958 2905 infra
989 2845 1179 2924 exponetur.
1225 2839 1330 2905 Favet

197 2948 301 3008 autem
324 2943 398 3007 huic
421 2943 636 3029 explicationi,
660 2943 746 3030 quod
762 2945 867 3009 nullus
882 2944 996 3009 horum
1012 2965 1162 3008 uersuum
1178 2943 1329 3008 cohaeret

195 3068 266 3111 cum
288 3067 384 3111 versu
404 3046 615 3132 praecedento
640 3049 781 3114 eiusdem
802 3049 951 3114 vocabuli
975 3049 1113 3131 vinculo,
1137 3048 1192 3112 scd
1216 3070 1328 3112 omnes

196 3151 334 3237 aprima
366 3151 442 3215 novi
465 3151 612 3216 vocabuli
633 3152 761 3239 syllaba
782 3154 946 3239 incipiunt,
976 3161 1012 3216 ut
1041 3152 1209 3237 quominus
1237 3151 1326 3214 initio

196 3277 302 3320 versus
326 3276 427 3340 pausa
449 3262 619 3335 statuatur,
647 3255 724 3321 nihil
755 3258 917 3343 impediat.
960 3256 1029 3320 Nec
1058 3256 1241 3320 dubitamus
1268 3254 1329 3318 boc

196 3359 288 3424 modo
320 3360 481 3443 explicare
510 3383 637 3442 versus,
668 3363 722 3448 qui
752 3363 784 3426 in
816 3363 945 3427 canticis
977 3369 1162 3437 occurrunt,
1194 3365 1328 3445 qnorum

194 3462 345 3529 doohmiis
361 3464 456 3528 etiam
472 3467 553 3530 aliae
569 3467 726 3551 tripediae
740 3467 893 3531 iambicae
910 3476 965 3530 aut
980 3462 1136 3549 ὁλόκληροι
1159 3471 1214 3529 aut
1237 3470 1328 3528 extra

194 3568 307 3652 pedem
331 3566 507 3633 secundum
538 3577 733 3653 syncopatae
766 3567 927 3631 admixtae
961 3571 1044 3630 sunt.
1096 3565 1209 3649 Itaque
1240 3565 1329 3629 illum

194 3691 320 3752 versum
344 3695 385 3737 er
408 3671 523 3735 Aesch.
547 3672 609 3755 Ag.
631 3672 806 3755 prolatum:

344 3831 451 3892 lll3a
473 3826 606 3909 ἑπόμενα
629 3826 779 3910 προτέροις
822 3849 880 3892 neo
903 3849 967 3892 nou
991 3825 1202 3911 strophicum:

340 3934 423 3996 1162
475 3931 506 3994 τί
527 3931 595 3996 rita
620 3930 710 4012 τορόν
731 3929 811 4014 ci'ycv
833 3929 915 4013 (ἔπος
937 3931 1079 4014 ἐφημίσω
1090 3930 1124 4012 5),

193 4108 298 4173 aquo
328 4087 428 4152 altera
457 4109 530 4172 pars
558 4086 708 4172 strophae
738 4086 903 4151 continens
934 4086 1020 4150 chori
1051 4093 1179 4150 cantum
1207 4085 1326 4169 incipit,

192 4190 236 4255 ita
261 4190 475 4257 describemus
502 4207 585 4277 Λω
601 4228 619 4263 c
636 4217 670 4262 ω
687 4228 706 4263 u
723 4230 784 4272 —,
808 4212 881 4255 cum
908 4191 1097 4274 praesertim
1123 4190 1219 4253 etiam
1241 4189 1327 4273 prior

192 4315 274 4379 pars,
292 4316 374 4380 quae
390 4297 537 4362 vaticinia
550 4295 750 4362 Cassandrae
766 4296 996 4380 complectitur,
1012 4292 1181 4381 atripodia
1193 4292 1328 4358 iambica

193 4398 340 4485 incipiat:
