3038 5010
282 498 352 579 Iph.
370 497 445 562 Aul.
466 498 551 563 1400
567 517 613 577 sq.
646 491 824 584 βαρβάρων
852 491 882 560 δ’
896 489 1095 583 ‘'Elipeus''
1081 491 1194 582 α’ρχειν
1217 490 1318 572 εἰκός,
1351 490 1421 560 ολλλ

683 600 722 707 οὐ
746 600 937 706 βαρβάρους

228 713 340 800 μῆτερ
367 699 561 800 Ελλῆνοιν
593 709 636 776 τό
664 709 734 794 μὲν
762 707 835 798 γὰρ
864 711 1020 788 όοῦλον,
1049 707 1086 775 οἱ
1115 705 1372 797 όέλεόθεροι.

281 819 400 884 Phoen.
419 820 494 884 962.
526 844 558 883 τι
554 813 731 893 “odvttg
754 819 855 896 εἴποι,
880 818 1049 906 δῆλον(
1020 806 1107 901 οόγ
1131 815 1219 900 ἐμοὶ
1243 813 1361 901 λόγοι.

580 1034 609 1099 3.
646 1034 701 1098 De
724 1032 1027 1114 comparatione.

281 1159 332 1223 45.
358 1159 477 1224 Poetas
495 1159 595 1225 etiam
610 1159 645 1224 in
658 1159 903 1241 comparatione
918 1177 1150 1238 nonnunquam
1162 1163 1265 1223 metro
1279 1156 1418 1223 cessisse

192 1266 420 1347 anapaesticus
445 1286 558 1333 versus
583 1268 786 1332 demonstrat

284 1374 377 1454 Vesp.
395 1373 469 1439 550.
506 1373 539 1438 ιλ
567 1371 628 1462 γὰρ
658 1370 847 1456 εὔδαιμον
876 1373 930 1439 καὶ
958 1369 1162 1461 μακαριστὸν
1189 1371 1337 1455 μᾶλλον
1361 1372 1418 1435 νῦν

556 1478 626 1546 ἐστὶ
650 1483 817 1559 δικαστοῦ,

192 1587 248 1651 ubi
271 1587 395 1669 μᾶλλον
418 1584 577 1671 εὔδαιμον
600 1595 709 1654 exstat
674 1590 829 1669 a‚qnod
852 1585 961 1671 sudata
949 1584 1146 1676 γιονέστερον
1174 1587 1212 1673 (-
1224 1626 1250 1632 -
1263 1623 1288 1640 υ
1302 1626 1328 1633 —-
1340 1620 1366 1637 ν
1378 1586 1417 1672 z)

190 1702 287 1776 propt
288 1714 323 1759 er
356 1695 512 1761 creticum
546 1695 624 1777 poni
658 1716 723 1760 nen
757 1702 815 1778 pot
816 1702 896 1760 erat
955 1695 1039 1760 Fert
1025 1701 1113 1760 tasse
1148 1695 1272 1778 μᾶλλον
1306 1696 1417 1760 eodem

191 1803 284 1867 modo
307 1809 405 1884 propt
407 1823 442 1867 er
464 1823 515 1868 me
517 1803 561 1867 tri
517 1803 797 1868 tcommoditat
747 1808 847 1868 tatem
871 1802 955 1885 legit
956 1823 995 1868 ur
1018 1802 1053 1867 in
1075 1802 1128 1867 his
1152 1802 1316 1868 versibus:

281 1911 378 1991 Vesp.
400 1910 494 1975 1100.
534 1906 645 1993 (οὐδὲν
674 1909 769 1995 ζῶον)
800 1910 947 1992 μᾶλλον
978 1905 1180 1992 ὀξύθυμόν
1210 1906 1310 1986 ditatu,
1341 1905 1418 1975 οὐδὲ

588 2015 891 2105 δυσκολώτερον.

280 2124 365 2189 Plut.
385 2126 458 2189 747.
491 2122 547 2189 τὸν
572 2123 609 2190 δὲ
632 2123 829 2212 Νεοκλείδην
854 2125 1001 2208 μᾶλλον
1025 2122 1179 2211 ἐποίησεν
1202 2121 1338 2211 τυφλόν.

280 2231 545 2298 mundandae.
580 2229 638 2298 σὺν
663 2231 726 2310 σοι’,
750 2229 962 2321 πρόθυμος
984 2231 1131 2315 μᾶλλον
1155 2228 1174 2320 ἢ
1199 2228 1416 2319 σοφωτέρα.

640 2431 670 2493 4.
707 2430 761 2495 De
790 2429 973 2496 articulo.

281 2552 349 2617 46.Ι
379 2554 430 2620 De
458 2554 592 2620 articuli
619 2555 805 2621 nominibus
832 2556 976 2637 propriis
1000 2555 1182 2638 praepositi
1205 2574 1265 2620 usu
1289 2554 1418 2620 Aristo-

192 2660 317 2741 phaneo
334 2662 465 2743 copiose
481 2662 547 2727 iam
564 2663 633 2745 egit
656 2663 900 2729 Uchermann
924 2661 1046 2748 (progr.
1060 2683 1169 2747 gymn.
1184 2662 1291 2727 Berol.
1308 2661 1416 2748 1892),

193 2767 257 2848 qui,
282 2787 475 2848 quamquam
500 2769 533 2833 in
558 2770 746 2835 universum
770 2776 857 2835 recte
883 2770 1137 2851 Aristophanem
1165 2769 1264 2835 certis
1288 2769 1417 2851 legibus

192 2893 284 2938 usum
308 2895 378 2940 csse
403 2876 497 2958 dicit,
529 2883 638 2941 tamen
669 2876 768 2941 nimis
792 2876 982 2958 diligentem
1013 2881 1142 2957 poetam
1173 2876 1207 2939 in
1232 2875 1415 2941 adhibendo

192 2981 330 3046 articulo
356 2981 459 3048 fuisse
483 2989 587 3065 putat,
617 3003 688 3048 cum
714 2985 936 3048 demonstrare
961 2985 1070 3048 studet
1093 3002 1165 3047 eum
1189 3002 1317 3063 semper
1340 3003 1416 3048 con-

192 3087 275 3152 sulto
308 3089 480 3155 articulum
512 3091 660 3172 posuisse
692 3092 744 3157 vel
778 3089 969 3174 emisissel).
1028 3091 1074 3153 At
1104 3090 1254 3172 Fuller,
1291 3090 1346 3170 qui
1381 3089 1416 3154 in

192 3194 420 3262 dissertatione
443 3197 643 3279 Erlangensi
668 3198 800 3264 articuli
824 3199 911 3278 apud
934 3198 1074 3262 comicos
1098 3217 1190 3262 usum
1213 3195 1415 3282 tractavit2),

191 3303 230 3366 de
253 3304 437 3369 nominibus
461 3305 604 3386 propriis
621 3306 703 3370 dicit
726 3325 756 3387 p.
771 3306 827 3369 39:
856 3305 991 3386 „Leges
1017 3304 1134 3384 quibus
1158 3304 1290 3369 nemina
1311 3309 1416 3369 terra-

190 3429 274 3491 rum,
304 3411 446 3491 urbium,
474 3413 645 3494 montium,
675 3412 856 3478 insularum
881 3419 941 3476 eto.
970 3413 1164 3493 populorum
1193 3410 1416 3490 festorumque

189 3517 334 3599 nomina,
367 3538 439 3583 cum
463 3519 607 3600 pluralia
630 3525 724 3585 tanta
757 3519 848 3605 (sici)
880 3519 961 3600 sint,
994 3518 1173 3584 articulum·
1198 3520 1342 3584 habeant
1373 3537 1416 3582 an

193 3681 402 3688 —————

282 3768 301 3835 ¹)
320 3768 379 3820 Iam
398 3770 427 3821 in
446 3771 591 3836 prooemio,
612 3785 672 3822 cum
693 3769 725 3822 de
738 3785 803 3822 voce
823 3756 985 3823 dvocativo
998 3770 1154 3836 praeposito
1168 3768 1250 3822 verba
1262 3767 1332 3822 facit
1349 3784 1373 3835 p.
1384 3767 1415 3821 5:

192 3856 265 3923 „Nur
284 3859 311 3909 in
331 3859 418 3910 einem
437 3859 547 3911 Punhtc
566 3858 672 3911 scheint
691 3858 888 3925 Aristophanes
907 3860 950 3911 ein
971 3858 1193 3927 gleichm‘assiges
1206 3857 1361 3912 Verfahren
1381 3873 1416 3910 zu

189 3946 368 4000 beobachten:
407 3947 505 4000 Sobald
532 3950 576 4000 ein
603 3947 850 4001 substantivisches
877 3948 941 4000 oder
968 3947 1181 4016 adjektivisches
1200 3948 1328 4002 Attribut
1353 3963 1416 4000 zum

189 4036 311 4090 Vokativ
330 4036 492 4105 hinzutritt‚
517 4037 592 4091 steht
615 4040 651 4090 im
671 4038 807 4091 Trimeter
825 4039 854 4090 in
874 4038 921 4090 der
940 4037 1026 4107 Regel
1046 4038 1088 4091 die
1108 4037 1416 4106 Ausrufsbeaeichnung

190 4113 211 4178 ὦ
231 4125 288 4179 also
308 4126 374 4182 Aah.
388 4127 440 4180 435
465 4115 485 4180 ιό
505 4126 560 4181 Ζεῦ
581 4125 678 4182 διόπτα
697 4134 742 4180 καλ
762 4125 890 4192 κατόπτα,
912 4125 976 4181 Aah.
992 4128 1043 4180 462
1067 4115 1088 4180 ὦ
1107 4123 1249 4197 γλυκύτατ’
1271 4122 1414 4195 Εὐριπίδη,

190 4215 254 4270 Ach.
270 4217 321 4268 225
347 4203 368 4268 ιλ
388 4215 442 4270 Ζεῦ
462 4214 547 4287 πάτερ
566 4233 592 4272 ιι,
607 4218 659 4284 λλ,
678 4217 767 4270 multa
786 4216 909 4283 exempla
928 4233 988 4270 enm
1008 4232 1099 4270 errare
1119 4217 1309 4269 demonstrant
1327 4215 1416 4269 velut:

191 4304 270 4372 Vesp.
279 4306 339 4373 161,
355 4309 402 4361 Av.
417 4307 459 4373 61,
480 4307 552 4361 Plus.
562 4306 622 4374 359,
634 4307 685 4359 854
700 4300 832 4360 ΙἈπολλον
845 4300 1021 4375 ἀποτρόπαιε,
1042 4304 1180 4359 Pluteos
1197 4299 1267 4364 ἄναξ
1276 4300 1415 4372 Ἄπολλον,

189 4393 258 4450 Βλο,
271 4396 322 4448 750
342 4391 456 4465 ὁμόγνιε
477 4395 540 4461 Ζεῦ,
560 4397 640 4462 Vesp.
656 4397 707 4448 143
726 4389 796 4456 ι’λναξ
814 4392 958 4459 Πόσειδον,
979 4389 1261 4464 Thesm.1202‘Epp?4
1277 4391 1348 4448 δόλιε
1362 4396 1413 4448 ελο.

279 4486 298 4552 ²)
320 4485 359 4535 lle
380 4485 491 4537 articuli
509 4487 537 4538 in
558 4487 678 4550 antiquis
698 4486 811 4539 Graecis
831 4485 975 4538 comoediis
994 4500 1054 4539 usn.
1092 4485 1201 4550 Lipsiae
1221 4482 1298 4539 1888,
