3038 5010
685 438 776 522 [163]
1256 444 1297 511 25

156 645 212 702 est
225 635 368 712 creticus,
382 633 471 697 cuius
484 631 582 696 thesis
594 631 696 715 prima
708 638 756 696 est
768 631 873 695 soluta
887 632 919 708 (u
941 669 974 676 -
996 672 1014 702 υ
1032 669 1070 679 -
1093 633 1097 712 l
1117 676 1136 704 υ
1156 670 1192 681 -
1212 673 1230 706 υ
1248 633 1296 719 -y

160 753 343 826 Λῶυ-
364 745 368 813 Ι
387 778 404 809 υ
424 774 463 782 -
482 772 500 806 υ
522 735 575 818 -)
599 735 675 799 Eur.
699 735 819 799 Phoen.
847 739 928 799 1748
952 744 984 801 et
1009 740 1091 802 1750

266 840 338 926 πρός
359 839 462 925 ἥλικας
484 838 603 925 φάνηθι
624 836 688 915 σάς.
713 840 716 919 l
741 836 808 915 ἅλις
824 836 1008 921 ὀδυρμάτων
1029 842 1121 921 ἐμῶν.

248 945 284 1011 σύ
308 944 419 1031 δ’ἇμφὶ
440 944 572 1026 βωμίους
595 941 686 1020 λιτάς.
707 941 712 1024 l
731 941 818 1024 κόρον
841 941 943 1026 ἔχουν
966 945 1050 1022 ἐμῶν
1073 950 1183 1022 κακῶν,

159 1075 235 1117 curn
260 1051 384 1115 duobus
413 1049 557 1112 diiambis
588 1057 619 1112 et
649 1049 766 1113 cretico
796 1069 875 1133 puro
906 1046 939 1131 (υ
956 1085 997 1094 -
1015 1088 1032 1119 o
1051 1086 1088 1094 -
1112 1049 1116 1129 l
1136 1075 1177 1099 a
1196 1086 1213 1118 o
1233 1047 1296 1132 -l

162 1171 283 1242 Λωυ
302 1163 403 1228 -lu
423 1189 460 1198 -
479 1153 570 1234 Γ)
594 1153 710 1218 Aesch.
735 1152 845 1237 Suppl.
872 1154 1026 1217 7802787

367 1255 462 1340 μέλας
484 1257 626 1339 γενοίμαν
648 1252 758 1332 καπνὸς
778 1256 781 1335 l
803 1253 903 1340 νέφεσι
925 1262 1069 1338 γειτονῶν
1092 1255 1173 1333 Διός.

287 1368 350 1426 ant.
374 1358 496 1439 θέλοιμι
520 1356 587 1423 δ’ὀίν
608 1359 759 1440 μορσίμου
779 1357 784 1439 l
803 1356 921 1440 sponoe*
944 1365 1046 1441 τυχεῖν
1069 1361 1101 1424 ἐν
1123 1359 1274 1442 ἀρτάναις.

264 1465 456 1536 Trimetrum
479 1464 639 1542 creticum,
666 1464 698 1526 in
723 1483 784 1547 quo
814 1463 899 1526 tertii
931 1462 1035 1527 cretici
1066 1463 1164 1527 thesis
1194 1464 1297 1547 prima

161 1577 213 1636 est
235 1571 339 1635 soluta
363 1569 419 1654 (z-
437 1608 456 1641 o
474 1607 515 1617 -
536 1569 540 1650 l
562 1595 601 1619 ι-
619 1608 637 1638 υ
655 1602 695 1614 -
716 1574 720 1642 l
743 1580 770 1651 Λ
792 1577 862 1640 ων
883 1565 947 1649 -),
971 1567 1070 1632 habes
1088 1590 1115 1633 e.
1131 1589 1161 1652 g.
1178 1567 1295 1632 Aesch.

159 1677 359 1763 sappinus

451 1776 526 1859 μηδ”
550 1775 619 1864 ἴδῃς
639 1777 706 1856 μ’ἕξ
729 1774 819 1858 ἑδρᾶν
841 1774 1013 1840 πολυθέων.

265 1881 458 1948 Coniectura
480 1888 589 1945 nostra
614 1887 646 1946 et
668 1880 699 1944 in
723 1879 877 1957 versibus,
902 1879 942 1943 de
966 1879 1079 1964 quibus
1102 1901 1200 1963 supra
1215 1878 1295 1942 dixi-

159 2011 241 2069 mus,
265 1996 296 2054 et
317 1990 349 2052 in
373 1989 518 2053 omnibus
541 1985 685 2050 versibus
708 1985 859 2065 iambicis,
887 1986 919 2049 in
942 1985 1056 2069 quibus
1084 1982 1183 2048 thesis
1213 2005 1294 2068 quae

159 2096 306 2180 sequitur
328 2092 410 2156 arsin
441 2112 644 2176 suppressam
672 2096 719 2154 est
742 2091 857 2169 soluta,
882 2088 1020 2153 voluisse
1048 2093 1168 2172 poetas
1192 2107 1293 2152 vacuo

158 2206 303 2284 tempore
327 2197 466 2281 rhythmi
489 2196 593 2280 legem
617 2195 793 2271 restituere,
824 2194 969 2257 firmatur
991 2215 1040 2274 eo,
1064 2191 1147 2275 quod
1173 2191 1293 2276 ubique

160 2304 302 2386 διαίρεσις
326 2301 462 2366 occurrit
485 2322 522 2364 eo
546 2301 628 2381 loco,
646 2321 709 2384 quo
734 2307 858 2382 tempus
881 2318 1016 2361 vacuum
1039 2296 1130 2361 nobis
1152 2302 1294 2360 statuen-

159 2410 236 2472 dum
260 2412 318 2471 est.
359 2405 441 2469 Nam
464 2411 590 2488 tempus
614 2424 749 2466 vacuum
773 2402 869 2467 statui
895 2424 959 2466 non
982 2421 1076 2486 posse
1091 2400 1150 2465 nisi
1165 2400 1195 2462 in
1222 2420 1294 2463 con-

91 2553 101 2567 =
157 2513 233 2576 finio
257 2510 393 2575 duorum
417 2508 645 2574 vocabulorum
668 2509 718 2571 vel
742 2514 815 2589 post
845 2506 932 2572 verbi
964 2505 1130 2589 compositi
1156 2505 1294 2588 priorem

158 2621 283 2702 partem
307 2616 522 2679 interamnae
546 2618 681 2677 constat.

264 2717 345 2782 Cum
378 2739 441 2781 non
474 2719 515 2781 sit
544 2717 716 2781 verisimile
745 2721 856 2801 poetas
889 2714 995 2779 dedita
1027 2733 1124 2795 opera
1155 2711 1294 2776 voluisse

159 2823 288 2887 theseos
312 2822 469 2886 solutione
493 2821 633 2885 indicare
657 2842 690 2885 se
721 2820 802 2883 hano
832 2838 992 2903 syncopae
1020 2818 1176 2881 rationem
1204 2814 1294 2879 adhi-

159 2928 275 3008 buisse,
300 2947 354 2990 eos
379 2927 472 2990 etiam
497 2927 529 2988 in
551 2925 619 2989 aliis
642 2923 786 2989 versibus
809 2922 951 2987 iambicis
967 2921 1149 3008 syncopatis
1165 2941 1203 2984 ea
1218 2941 1293 2984 usos

160 3053 230 3096 esse
262 3029 487 3094 contenderim.
535 3029 657 3102 Quibus
688 3049 764 3093 vero
795 3027 872 3092 locis
903 3027 965 3090 hoc
999 3046 1159 3110 syncopae
1191 3044 1293 3109 genus

158 3135 368 3219 praetulerint
392 3134 516 3213 tritiori,
538 3134 609 3197 ideo
634 3154 698 3197 non
721 3138 809 3196 certo
833 3137 942 3215 potest
957 3131 1064 3210 statui,
1084 3128 1170 3213 quod
1185 3127 1293 3194 nullae

159 3239 308 3322 strophae
333 3243 502 3302 occurrunt
525 3260 566 3302 ex
589 3237 662 3301 solis
686 3235 830 3300 versibus
846 3237 941 3300 huius
960 3235 1085 3320 generis
1103 3237 1293 3313 constantes,

158 3342 213 3407 sed
237 3343 411 3406 intermixti
434 3343 583 3426 leguntur
606 3340 638 3404 hi
662 3363 773 3405 versus
796 3341 842 3420 iis,
873 3340 988 3423 quibus
1008 3339 1110 3404 altera
1132 3357 1292 3422 syncopae

157 3444 281 3510 ratione
304 3446 382 3509 arsis
406 3466 576 3531 suppressa
600 3451 647 3509 est
667 3450 883 3529 compensata,
900 3450 933 3508 et
949 3443 1034 3528 quod
1050 3443 1146 3507 etiam
1159 3462 1292 3525 respon·

157 3549 281 3613 sionem
296 3569 445 3613 versuum
465 3548 589 3614 diverso
607 3570 725 3632 genere
736 3569 896 3633 syncopae
908 3547 1080 3633 insignium
1097 3546 1293 3610 admiserunt

158 3658 283 3736 poetae.
329 3651 402 3717 Hoc
424 3675 500 3718 vero
526 3660 611 3717 certo
637 3659 744 3736 potest
770 3653 878 3734 statui,
900 3653 961 3715 hac
981 3652 1105 3715 ratione
1125 3670 1190 3715 non
1217 3670 1292 3714 usos

158 3778 227 3821 esse
246 3761 358 3840 poetas
374 3757 406 3820 in
427 3757 464 3820 iis
488 3757 640 3837 versibus,
663 3757 695 3820 in
712 3756 825 3841 quibus
842 3756 957 3833 theses,
980 3757 1063 3820 inter
1079 3776 1158 3840 quas
1174 3752 1292 3817 excidit

156 3860 245 3940 arsis,
268 3859 350 3924 intra
373 3860 514 3926 eiusdem
538 3861 684 3925 vocabuli
708 3881 823 3945 corpus
845 3861 1005 3945 leguntur.
1048 3886 1054 3894 ·

260 3963 432 4048 Reliquum
456 3971 513 4047 est,
537 3971 571 4029 ut
594 3965 807 4049 descriptione
831 3965 992 4050 strophae,
1016 3965 1048 4027 in
1071 3984 1133 4047 qua
1155 3962 1200 4025 ita
1221 3984 1290 4047 per·

156 4067 274 4132 mixtos
297 4089 366 4132 esse
388 4090 498 4132 versus
522 4069 673 4133 iambicos
699 4076 730 4134 et
752 4070 930 4134 trochaicus
959 4075 1074 4153 putant
1103 4066 1161 4129 viri
1193 4065 1289 4161 docti,

157 4178 278 4235 utnon
301 4172 431 4257 stropha
453 4173 597 4248 iambica,
620 4173 676 4238 sed
700 4174 1011 4238 iambico-trochaica
1026 4175 1066 4237 sit
1087 4173 1289 4256 nominanda,

155 4275 360 4358 illustremus,
373 4297 467 4360 quam
479 4278 613 4361 simplex
626 4278 689 4342 iam
701 4279 756 4342 fiat
768 4280 881 4343 harum
893 4279 1095 4363 stropharum
1108 4278 1289 4371 explicatio,

158 4399 230 4445 cum
253 4379 291 4444 ab
315 4378 402 4447 initio
426 4401 528 4469 usque
550 4380 591 4452 ad
615 4381 708 4454 finem
732 4383 806 4455 solis
830 4383 998 4454 decurrant
1020 4381 1140 4453 iambis,
