3038 5010
665 446 884 514 „15-

401 624 484 688 πάλιν
507 627 634 702 κτίσωσι,
660 630 720 685 τοῖον
743 624 821 686 θεῶν
845 624 883 685 τά
906 631 1063 708 πράγματα

403 732 485 794 αὐτοὶ
507 728 722 817 παραληψοντ’,
747 728 833 793 ἐκδὲ
857 730 940 792 τοῦδε
964 738 1118 817 φάρμακον

401 842 551 924 πτέρυγάς
575 836 602 901 τ’
627 836 783 900 ε’ποιοῦντ’·
808 835 940 922 ηἘίοοσαν
985 835 1010 900 δ’
1036 838 1062 900 οἱ
1085 838 1158 913 θεοί,

349 968 375 1005 ιο
403 947 529 1009 ἐπίθεσιν
553 949 585 1009 ου
610 948 712 1033 μικράν
737 947 868 1033 ὁρῶντες
892 948 1059 1029 γενομένην,

278 1089 312 1167 3)
336 1083 530 1167 ἀπραγμόνων
554 1075 596 1157 V,
622 1078 713 1156 Ald.,
739 1082 910 1166 ἀπράγμονα
932 1076 975 1143 R.

278 1185 312 1272 4)
338 1184 498 1267 Wagner
521 1206 610 1251 voce
634 1185 714 1274 άρνις
739 1196 886 1251 metrum
910 1185 1106 1273 perturbari
1130 1196 1236 1272 putat,
1270 1186 1364 1274 quod

190 1293 269 1382 ὄρνις
285 1290 316 1358 in
344 1291 482 1358 casibus
507 1290 686 1378 bisyllabis
701 1318 708 1356 ι
723 1292 864 1378 longam
889 1291 1027 1362 habeat.
1073 1290 1146 1360 Sed
1163 1290 1260 1373 falso,
1286 1313 1363 1359 nam

190 1398 255 1465 iam
280 1398 372 1485 apud
397 1397 550 1485 tragicos
573 1410 696 1487 poetas
721 1425 729 1463 ι
752 1421 892 1487 semper
915 1397 1033 1466 brevis
1058 1411 1212 1488 apparet,
1243 1410 1364 1488 postea

189 1507 394 1595 plerumque
412 1505 529 1572 brevis
546 1518 609 1586 est,
634 1505 800 1593 imprimis
826 1507 917 1593 apud
931 1505 1069 1594 Epicos,
1094 1518 1131 1574 ut
1155 1507 1246 1595 apud
1262 1506 1366 1596 Apol-

190 1613 317 1680 lonium
342 1612 517 1681 Rhodium
544 1615 632 1700 Arg.
652 1614 673 1694 1,
699 1636 732 1684 v.
748 1635 829 1702 304:

759 1748 772 1771 n

404 1752 488 1831 μίμνε
512 1751 626 1832 δόμοις,
650 1751 690 1835 μὴ
715 1748 739 1813 δ’
754 1772 834 1836 υρνις
858 1751 987 1834 ἀεικελίη
1011 1750 1083 1813 πέλε
1107 1754 1165 1834 νηί.

278 1884 311 1966 8)
336 1894 488 1973 φάρμακον
513 1882 553 1959 R,
580 1890 733 1972 φαρμάκου
758 1881 800 1952 V.

279 1991 315 2077 9)
339 1992 452 2055 ἐποίουν
485 1991 599 2070 codd„
631 2012 700 2076 ego
726 1989 959 2056 coniecturam
985 2012 1004 2054 a
1030 1988 1212 2076 Wagnero
1236 1989 1298 2058 λε.
1324 1988 1366 2056 al-

192 2097 292 2163 latam
330 2098 471 2162 ἐποιοῦνι’
509 2096 683 2186 accipiam,
725 2118 804 2163 narn
840 2097 951 2164 forma
985 2096 1099 2163 media
1137 2096 1365 2163 desideratur.

190 2202 368 2271 Sententia
401 2205 504 2287 igitur
536 2205 602 2271 hoc
626 2204 698 2271 fere
723 2204 829 2271 modo
856 2204 1024 2270 vertenda
1049 2215 1116 2269 est:
1156 2201 1365 2285 „Darauihin

191 2310 423 2377 verschafften
442 2310 492 2378 sie
509 2312 582 2378 sich
600 2311 652 2378 ein
669 2309 916 2378 Zaubermittel
942 2311 1011 2377 und
1037 2310 1193 2376 dadurch
1207 2309 1234 2376 F
1235 2309 1347 2396 lugel“
1357 2331 1365 2390 ;

191 2415 231 2482 cf.
256 2439 347 2484 vers.
370 2418 548 2507 649-655
573 2417 681 2506 ipsius
705 2417 851 2485 fabulae.
899 2417 985 2484 Nam
1012 2430 1048 2484 ut
1074 2417 1206 2484 civibus
1231 2415 1365 2505 Nephe-

190 2524 415 2612 lococcygiae
438 2525 502 2591 illis
527 2524 802 2592 Atheniensibus
826 2524 887 2592 alis
912 2547 1001 2613 opus
1026 2536 1110 2604 erat,
1135 2537 1172 2591 ut
1196 2546 1273 2591 cum
1299 2523 1365 2592 avi·

192 2633 256 2698 bus
281 2630 452 2698 civitatem
479 2631 567 2698 aeris
594 2632 803 2700 constituere
827 2644 982 2720 possent.

281 2825 454 2914 Deinceps
479 2826 521 2892 ad
547 2840 788 2913 argumentum
814 2826 1028 2914 Lysistratae
1052 2826 1221 2893 venimus.

327 3023 330 3029 1
405 2945 591 3033 Λυσιστράτη
615 2946 765 3008 καλέσασα
789 2948 847 3018 τάς
871 2946 1024 3019 πολίτιδας

405 3052 528 3115 ὑπέθετο
554 3054 668 3139 φεύγειν
691 3052 765 3137 μηδὲ
789 3051 919 3135 μίγνυσθ’
946 3052 1070 3140 ἄρρεσιν,

406 3159 499 3236 ὅπως,
525 3164 688 3243 γενομένης
712 3167 761 3222 νῦν
785 3168 923 3249 στάσειυς
947 3160 1100 3246 ἐμφυλίου,

406 3267 455 3327 τάν
479 3268 555 3354 πρὸς
602 3268 750 3340 Λάκωνας
773 3267 902 3349 πόλεμον
927 3265 1044 3354 αἴρουσιν
1068 3268 1148 3352 λάγιρ

365 3394 377 3431 ο
407 3376 515 3453 μένουσί
538 3371 564 3435 τ’
591 3373 660 3437 οἷ’κοι
684 3383 804 3446 πάντες,
830 3372 876 3447 ὡς
899 3371 930 3435 δέ
954 3375 1103 3449 συνέθετο,

406 3479 485 3552 τινὲς
510 3479 562 3562 μέν
586 3482 683 3543 αὐτῶν
708 3481 763 3564 την
787 3480 943 3567 ἀκρόπολιν
967 3481 1145 3566 διεκράτουν,

407 3586 486 3660 τινὲς
509 3584 533 3649 δ’
559 3592 730 3674 ἀπεχώρουν
755 3635 762 3649 .
788 3589 816 3649 αἵ
839 3585 866 3648 τ’
889 3588 944 3649 ἀπὸ
969 3569 1116 3675 Σπάρτης
1139 3588 1226 3650 πάλιν

406 3693 513 3754 ταύτὸν
537 3693 766 3776 διεβουλευοντο.
791 3691 885 3779 κῆρυξ
910 3694 1025 3780 έργεται

406 3799 501 3882 λέγιυν
525 3801 589 3885 περὶ
613 3802 735 3869 τούτων,
762 3808 821 3882 τῆς
844 3797 1011 3881 δ’ὁμονοὶας
1035 3803 1207 3883 γενομένης,

354 3927 380 3965 ιο
408 3895 704 3989 σπονδάςτιθέμενοι
728 3908 778 3969 τὸν
802 3907 930 3989 πόλεμον
955 3906 1107 3994 ἐξώρισαν.

285 4043 339 4119 ιο)
365 4040 526 4127 ἐξέρρησαν
539 4041 580 4123 R,
607 4044 700 4128 quod
719 4042 911 4110 derivatum
938 4054 990 4108 est
1014 4062 1034 4106 a
1057 4063 1146 4107 voce
1171 4039 1282 4127 ἐξέρριο
1298 4061 1332 4107 v.
1346 4040 1366 4106 1.

198 4144 289 4225 „sich
314 4145 583 4234 hinauspacken,
608 4148 680 4216 sich
702 4148 926 4228 fortmachen,
951 4170 1029 4214 zum
1054 4146 1197 4213 Henker
1220 4147 1366 4233 gehen“.

197 4249 282 4319 Vide
299 4253 387 4320 hanc
404 4252 560 4340 glossam
578 4253 689 4322 Photii
714 4253 950 4343 lexicographi
968 4276 995 4322 s.
1008 4278 1040 4321 v.
1055 4256 1198 4342 ἐρρησας·
1224 4255 1366 4342 φθαρεὶς·
