3038 5010
718 421 808 504 [155]
1290 429 1327 489 rr

196 623 405 700 praeruptae,
445 619 553 700 aptum
592 635 720 678 sensum
758 612 854 678 habet
888 613 1080 678 adiectivum
1120 617 1329 701 compositum

197 718 405 795 ddoautrralog,
435 717 521 803 quod
545 717 704 802 quomodo
736 738 807 781 cum
836 718 979 801 praefixo
1010 722 1064 794 σος
1095 720 1217 805 etipse
1248 719 1328 783 diffi-

197 825 345 888 cultatem
377 823 573 906 significante
608 822 708 906 possit
740 821 888 907 coniungi
911 821 1057 906 equidem
1080 845 1144 887 non
1166 823 1328 908 intellego.

196 928 286 992 Idem
310 927 394 991 cadit
416 928 448 990 in
475 948 567 991 voces
591 946 610 988 a
632 927 751 990 Weilio
775 927 875 990 fictas.

299 1031 509 1115 Hartungius‚
533 1052 626 1115 quem
657 1032 761 1094 solum
792 1030 853 1094 hoc
876 1030 1017 1110 offendit,
1040 1031 1145 1095 locum
1168 1033 1329 1097 sanavisse

196 1137 254 1200 sibi
277 1138 363 1201 visus
396 1143 444 1200 est
473 1135 641 1199 scribendo
665 1133 779 1198 ἀκοίλιοι
807 1132 972 1214 λαμπάδων
1001 1133 1201 1212 odoramata,
1234 1157 1328 1220 quam

196 1241 355 1331 medelam
378 1247 410 1305 et
439 1239 511 1303 ideo
534 1239 775 1322 repudiaverim,
799 1238 883 1324 qnod
907 1239 1001 1322 plenu
1025 1261 1095 1301 cum
1127 1262 1221 1305 versu
1249 1242 1329 1304 anti·

195 1345 345 1428 strophae
369 1343 535 1428 responsio
560 1342 767 1423 desideratur,
791 1350 821 1406 et
839 1341 923 1427 qnod
947 1364 1057 1406 vocem
1076 1343 1161 1406 illam
1178 1344 1327 1411 traditam

196 1448 390 1531 probabilius
421 1467 566 1511 secernas
599 1447 629 1508 in
661 1445 756 1522 duas,
784 1447 815 1508 in
846 1442 957 1522 σὺςσιῖα
985 1454 1018 1510 et
1045 1447 1188 1510 actuata.
1236 1447 1327 1521 Quae

196 1543 376 1615 coniectura
399 1550 475 1613 mihi
497 1551 626 1634 insuper
643 1549 855 1614 commendari
873 1550 999 1614 videtur
1017 1551 1121 1614 verbis
1137 1550 1326 1616 scholiastae

195 1656 367 1719 clausulam
389 1655 435 1717 siu
458 1654 662 1737 explicantis:
686 1650 904 1735 δυςσαράβοτα
920 1655 968 1716 καὶ
985 1651 1100 1736 τραχέα
1116 1656 1187 1731 ζῶσι
1204 1657 1327 1732 καὶτοῖς

196 1759 363 1843 θνήσκουσι
388 1758 474 1844 (lege
504 1756 707 1841 τεθνηκόσιν).
754 1757 816 1831 Qui
848 1778 918 1821 oum
947 1757 1044 1822 verba
1075 1756 1272 1839 δερκομένοισι
1297 1766 1327 1822 ot

194 1859 393 1942 δοςομμάτοις
408 1860 540 1944 singulis
553 1860 655 1923 verbis
670 1861 870 1943 explicasset.
883 1881 956 1923 eum
969 1859 1093 1923 duabus
1113 1862 1243 1925 vocibus
1257 1864 1326 1938 δσς-

195 1964 352 2048 nucupata
370 1972 401 2029 et
417 1963 529 2046 τραχέσι
545 1963 609 2026 duo
626 1964 722 2028 verba
738 1963 980 2048 interpretatum
998 1984 1068 2028 esse
1083 1965 1252 2031 verisimile
1269 1974 1326 2030 cst.

295 2069 478 2156 Tripodiam
501 2070 596 2151 igitur
619 2067 717 2131 habes
741 2068 916 2144 iambicam,
938 2069 969 2130 in
993 2089 1054 2151 qua
1076 2089 1236 2152 syncopae
1252 2070 1326 2133 arti·

193 2174 262 2237 ficio
287 2174 365 2238 arsis
388 2173 528 2237 secunda
544 2179 591 2236 ost
606 2172 742 2251 sublata,
763 2172 809 2234 ita
831 2171 1070 2236 describendam
1092 2204 1110 2241 ιι
1127 2184 1162 2243 ω
1180 2200 1222 2223 ι-
1236 2214 1254 2242 υ
1274 2209 1324 2254 -,

195 2299 275 2362 quae
287 2277 421 2341 fortasse
435 2298 504 2340 cum
518 2275 654 2360 tripudia
664 2276 878 2360 praecedente
890 2277 922 2338 in
935 2275 1138 2360 hexapodiae
1152 2297 1266 2360 corpus
1277 2283 1325 2340 est

194 2381 423 2466 coniungenda.
460 2381 554 2454 Quod
577 2387 682 2443 autern
707 2380 786 2443 arsis
809 2379 909 2462 prima
932 2380 962 2442 in
987 2378 1118 2464 stropha
1143 2387 1192 2444 ost
1212 2380 1325 2457 brevis,

194 2486 224 2571 in
247 2485 447 2568 antistropha
470 2483 634 2570 producta,
655 2484 686 2546 in
707 2483 850 2546 versibus
866 2483 1008 2546 iambicis
1023 2505 1088 2547 non
1104 2489 1211 2569 potest
1227 2483 1325 2547 offen·

193 2589 278 2667 dere,
302 2609 435 2673 quorum
450 2587 532 2652 arsin
556 2587 689 2671 primam
703 2587 871 2670 ancipitem
888 2593 1102 2652 esseconstat.
1136 2589 1229 2651 Arsin
1248 2610 1324 2652 vero

193 2694 319 2758 brevem
332 2699 363 2756 et
378 2693 506 2777 longam
523 2691 581 2755 sibi
596 2711 690 2775 posse
705 2689 909 2774 respondere,
923 2692 1056 2755 etiamsi
1073 2690 1170 2756 thesis
1182 2692 1324 2757 eiusdem

193 2796 281 2881 pedis
305 2797 482 2872 absoluta,
505 2796 682 2859 illustretur
704 2796 765 2859 hoc
784 2795 951 2878 exemplo:

293 2899 368 2964 Eur.
391 2900 440 2965 El.
466 2901 657 2963 1223τ1229

245 3013 298 3070 atr.
320 3003 448 3086 ματέρος
471 3003 530 3068 ἕστο
555 3002 641 3084 δέρος
663 3005 779 3082 μεθείς.
805 3041 843 3049 -
864 3017 898 3073 (a)
914 3044 932 3072 o
952 3039 990 3046 -
1012 3007 1016 3082 l
1036 3040 1053 3072 υ
1074 3040 1108 3048 -
1130 3040 1148 3074 υ
1168 3040 1207 3049 -

234 3115 296 3173 ant.
319 3107 430 3193 φονέας
452 3106 563 3183 ἔτικτες
584 3104 645 3190 ἆρά
669 3133 724 3172 σοι.
832 3143 850 3177 υ
866 3121 902 3178 ῡῡ
918 3144 935 3174 o
954 3142 993 3152 —-
1014 3109 1056 3189 1ο
1076 3145 1114 3153 -
1133 3145 1151 3178 υ
1171 3140 1220 3171 -.

192 3213 389 3297 Quamquam
412 3233 484 3275 raro
508 3213 589 3275 hanc
611 3212 850 3296 responsionem
866 3217 978 3295 poetas
1002 3212 1137 3297 tragicos
1161 3211 1323 3274 admisisse

191 3316 426 3382 concedendum
464 3323 522 3381 est.
578 3315 620 3380 Et
660 3316 740 3379 hanc
780 3317 820 3379 ob
856 3336 983 3379 oausam
1023 3322 1054 3379 et
1092 3313 1174 3399 quod
1213 3316 1246 3377 in
1284 3314 1321 3377 iis

191 3422 332 3485 versibus
355 3420 504 3500 iambicis,
527 3420 580 3504 qui
604 3441 644 3483 ex
667 3419 804 3503 dipodiis
829 3426 984 3500 constant,
1008 3419 1093 3484 arsin
1116 3420 1249 3505 primam
1278 3418 1322 3480 di·

190 3525 304 3609 podiae
327 3531 441 3609 poetae
464 3525 644 3587 maluerunt
667 3545 826 3607 syncopae
850 3524 923 3609 lege
944 3525 1055 3588 tollere
1070 3545 1163 3608 quam
1179 3523 1322 3600 alteram,

191 3629 226 3692 fit
249 3634 284 3692 ut
306 3627 385 3692 haec
408 3649 470 3691 una
499 3633 623 3691 tantum
655 3628 791 3711 tripudia
823 3629 862 3691 ad
894 3630 1047 3692 rationem
1078 3634 1221 3692 nostram
1251 3647 1325 3710 pro·

191 3732 326 3795 bundam
348 3732 448 3816 possit
468 3731 610 3815 proferri.
644 3730 694 3794 Ad
712 3752 806 3817 quam
823 3731 1010 3795 firmandam
1027 3752 1144 3810 versus,
1160 3730 1191 3794 in
1208 3729 1322 3814 quibus

190 3835 251 3898 arsi
281 3836 366 3900 brevi
396 3835 568 3921 respondet
596 3835 709 3912 brevis,
739 3833 897 3919 producta
927 3833 1112 3918 productae,
1142 3833 1215 3898 ideo
1245 3831 1320 3895 nihil

189 3939 304 4020 valent,
328 3939 413 4023 quod
437 3939 469 4002 hi
491 3961 603 4005 versus
626 3940 688 4002 alio
712 3939 807 4004 modo
825 3946 960 4023 possunt
977 3938 1135 4022 explicari.
1170 3937 1320 4021 Exempli

188 4043 292 4125 gratia
307 4041 486 4126 tetrapodia
501 4040 580 4105 haec
595 4078 646 4112 om
665 4077 696 4086 -
724 4079 741 4110 o
762 4077 799 4085 -
822 4076 870 4122 -‚
895 4062 976 4126 quae
993 4041 1118 4124 saepius
1134 4041 1165 4102 in
1181 4040 1320 4124 strophis

188 4145 326 4210 iambicis
349 4147 518 4223 invenitur,
542 4147 632 4210 velut
654 4146 729 4210 Eur,
754 4145 869 4209 Troad.
894 4149 952 4209 581
970 4149 1051 4210 :586

288 4257 342 4314 sir.
365 4248 461 4314 τέκεσι.
485 4250 553 4330 πρίν
576 4247 638 4313 ποτ’
666 4242 752 4332 ἦμεν.

291 4361 356 4418 ant.
379 4352 496 4430 πόλεος.
521 4352 541 4416 ἂ
564 4359 737 4419 καπνοῦται.
