3038 5010
660 395 869 456 ..Η-

283 580 420 644 Praeter
450 581 534 646 hanc
566 582 687 646 nullom
719 581 921 670 deprehendi
956 585 990 647 in
1018 583 1175 671 Aeschyli
1212 587 1332 652 fabulis

212 685 375 770 stropham,
399 686 431 748 in
456 707 519 770 qua
542 687 745 751 choriambus
768 708 840 752 curn
864 687 1009 752 iambicis
1032 688 1170 775 dipodiis
1194 691 1329 776 integris

210 791 450 854 consociaretur.
495 790 598 854 Multa
627 797 737 855 autem
767 799 880 856 extant
909 794 1076 878 exempla,
1112 793 1227 878 quibus
1259 794 1330 858 aliis

210 893 345 958 versibus
368 895 549 958 intermixti
579 901 654 958 sunt
676 895 870 976 choriambi,
903 918 1036 981 quorum
1064 905 1173 962 tamen
1202 904 1327 984 partem

208 1021 257 1087 pro
279 1000 479 1086 logaoedicis
503 1000 644 1086 dipodiis
666 1003 870 1066 catalecticis
894 1003 1007 1068 haberi
1032 1024 1128 1089 posse
1147 1003 1330 1069 conceden-

210 1103 274 1167 dum
298 1110 359 1170 est.
403 1104 523 1169 Notavi
545 1105 662 1170 hosce:

487 1226 594 1311 suppl.
619 1227 788 1291 538-—546
806 1258 846 1280 =
863 1230 1043 1292 547-555.

306 1331 462 1422 [παλαιὸν
484 1331 512 1400 d
529 1333 577 1416 εἰς
599 1331 692 1418 ἴχνος
706 1336 864 1422 μετέσταν

303 1438 443 1527 ματέρος
466 1433 670 1524 ἀνθονόμους
692 1438 842 1520 trecentae,

303 1529 445 1627 λειμῶνα
467 1538 625 1628 βούχιλον,
649 1541 742 1611 ἔνθεν
762 1539 812 1610 'ht

305 1642 424 1753 οἴστρῳ
444 1644 640 1755 (ἕρεσσομένα

303 1757 413 1820 φευμει
437 1759 642 1819 αμαρτινοος,

303 1832 411 1902 πολλὰ
433 1839 557 1925 βροτῶν
579 1837 826 1927 διαμειβομένα]

302 1942 399 2029 φῦλα,
423 1942 498 2031 διχῆ
520 1936 546 2006 δ’
552 1935 729 2029 ἀντίπορον
1277 1975 1345 2029 ιιι,

301 2049 398 2131 μαῖαν
420 2043 452 2110 ἓν
475 2040 556 2133 αἴσᾳ
579 2044 796 2129 θιατέμνονσα
819 2040 923 2132 πόρον
945 2043 1107 2129 κυματίαν
1130 2038 1244 2130 ὁρίζει·

206 2168 274 2232 Exit
298 2169 396 2253 igitur
418 2170 498 2233 haec
523 2170 655 2254 stropha
678 2169 870 2254 logaoedica
893 2170 924 2232 in
948 2169 1008 2233 hos
1031 2191 1160 2233 versus:

203 2490 274 2554 quos
297 2469 526 2557 Westphalius
548 2471 607 2535 11²
630 2495 661 2559 p.
679 2474 737 2536 831
765 2478 798 2543 et
821 2470 981 2535 Christius
998 2469 1011 2508 ²
1031 2491 1062 2555 p.
1080 2472 1142 2532 too
1168 2469 1325 2531 choriam-

202 2573 283 2637 bicos
306 2575 326 2640 i.
350 2595 378 2638 e.
403 2575 609 2660 logaoedicos
633 2596 705 2638 esse
729 2576 851 2638 volunt.

277 2697 346 2759 Hos
370 2718 497 2782 quoque
521 2719 636 2762 versus

481 2818 598 2904 Agam.
624 2820 790 2881 770-771
810 2850 850 2871 =
869 2817 1033 2880 tao—781

419 2925 546 3016 θράσος
568 2927 724 3016 μελαίνας
745 2925 963 3015 μελάθροισιν
978 2924 1090 3006 Ἄτας,
1273 2958 1319 2996 ιιι
1341 3017 1343 3028 y

417 3029 585 3117 εἰδομέναν
607 3037 756 3100 τοκεῦσιν
1213 3073 1218 3078 -

198 3318 405 3407 Westphal,¹)
421 3321 452 3387 J.
468 3321 510 3385 H.
527 3321 641 3386 Heinr.
660 3316 846 3398 Schmidffl)
870 3315 1053 3382 Bernhardi
1067 3316 1092 3396 ³)
1114 3313 1323 3398 logaoedicos

196 3433 314 3507 vocant,
339 3424 486 3510 quamvis
511 3424 713 3489 choriambos
730 3419 945 3486 ascendentes
967 3427 1111 3484 statuere
1128 3419 1183 3481 vix
1198 3415 1321 3482 minore

196 3526 259 3594 iure
282 3530 394 3610 liceat,
419 3551 491 3593 cum
514 3529 708 3614 praesertim
732 3525 830 3591 iambi
854 3523 1051 3611 praecedere
1075 3520 1256 3586 videantur.

193 3751 285 3823 Agam.
306 3753 367 3817 437,
391 3753 460 3807 7-9
486 3753 590 3808 ionicos
616 3753 726 3807 ordines
745 3751 871 3805 iambicis
890 3749 1028 3803 admixtos
1052 3765 1110 3802 esse
1128 3750 1218 3817 putet.
1254 3747 1322 3800 Her-

191 3856 312 3907 munnns,
331 3839 430 3909 Finges,
449 3840 474 3893 J.
488 3841 522 3893 H.
539 3840 572 3894 H.
586 3838 713 3894 Schmidt
731 3838 835 3893 ionicos
854 3838 987 3891 refractos
1006 3835 1116 3889 subesse
1136 3834 1320 3903 suspicantur,

191 3924 338 3979 Bernhardi
365 3924 410 3992 (de
433 3928 512 3980 tones
535 3944 586 3979 usu
605 3945 631 3995 p.
649 3926 694 3993 21)
714 3926 871 3994 glyconeos.
908 3925 945 3976 At
970 3920 1120 3975 verisimile
1145 3937 1201 3972 non
1223 3922 1265 3972 est
1289 3919 1319 3972 in

189 4016 244 4068 tam
262 4032 347 4084 perro
366 4017 516 4083 systemate
534 4013 731 4068 descendentes
751 4030 844 4067 versus
867 4029 930 4064 cum
953 4009 1079 4063 iambici-s
1106 4011 1134 4061 et
1156 4007 1254 4061 ionicis
1279 4007 1320 4059 di-

190 4102 276 4170 podiis
297 4119 355 4157 esse
372 4103 482 4158 mixtos.

257 4194 276 4255 1)
296 4191 399 4244 Metrik
416 4191 462 4243 Π2
481 4208 506 4259 p.
526 4190 586 4244 533.

254 4281 275 4346 ²)
294 4277 477 4346 Eurbytbmie
496 4296 521 4346 p.
542 4277 599 4330 175.

255 4368 274 4436 ³)
293 4367 333 4419 De
351 4367 430 4418 tonos
449 4381 500 4416 usu
519 4381 545 4431 p.
566 4364 605 4416 13.
