3038 5010
666 475 887 540 ‚19-

188 662 254 729 est,
286 672 363 717 cum
395 650 533 718 overbi
566 653 673 715 κωλύω
702 650 853 750 longum¹
872 660 924 715 est
948 647 1102 735 exceptis
1127 646 1248 714 formis
1273 669 1368 735 prae·

190 757 297 825 sentis
311 770 345 824 et
357 757 546 846 imperfecti
559 756 743 844 temporis;
756 756 797 828 cf.
813 754 1057 843 Aristophanis
1071 753 1231 842 Equitum
1247 777 1279 826 v,
1288 776 1368 843 723:

449 900 538 984 ἴωμεν
562 904 597 975 ἐς
624 903 674 964 τὸν
698 903 800 984 δῆμον.
828 940 866 950 -
893 899 974 963 οὐδὲν
998 901 1105 963 κωλύει

192 1054 227 1109 et
250 1042 388 1109 Pindari
413 1041 574 1110 carminis
598 1041 732 1129 Pythici
755 1040 802 1108 IV
827 1064 859 1112 v.
884 1063 939 1129 33,
972 1040 1029 1108 ubi
1054 1041 1087 1107 in
1111 1040 1327 1130 antistropha
1352 1045 1369 1129 β

192 1148 358 1236 legimus:
382 1152 496 1213 κώλυεν
520 1159 621 1232 μεῖναι,
647 1170 717 1236 quo
741 1149 819 1215 loco
842 1149 983 1215 obreve
1008 1169 1086 1215 esse
1110 1147 1370 1217 demonstratur

192 1255 325 1323 collatis
358 1256 443 1324 locis
473 1257 695 1345 stropharum
727 1255 1102 1343 antistropharumque,
1136 1254 1194 1343 qui
1222 1254 1267 1322 illi
1290 1255 1369 1325 loco

193 1363 422 1455 respondent;
448 1363 488 1430 cf.
515 1362 614 1429 etiam
641 1360 824 1429 Menandri
849 1360 1092 1450 Disceptantes
1119 1385 1149 1428 ν.
1179 1385 1227 1435 10.

282 1467 466 1556 Reliquum
484 1480 547 1550 est,
572 1480 610 1535 ut
633 1489 745 1557 pauca
761 1468 872 1536 dicam
890 1469 934 1535 de
954 1470 1064 1536 verbo
1082 1472 1257 1535 ὀπτάνεσθω
1274 1473 1369 1560 (v.4)‚

192 1576 288 1661 ¹quod
314 1575 507 1642 derivatum
534 1587 624 1642 esta
647 1597 735 1642 voce
760 1577 891 1662 ὄψεσθαι.
939 1574 1020 1660 Quo
1036 1578 1147 1643 verbo
1165 1576 1288 1644 Nauck
1313 1577 1370 1645 im-

193 1681 312 1770 primis
336 1695 530 1750 commotus
550 1694 614 1763 est,
639 1695 676 1749 ut
692 1683 777 1749 haec
802 1694 1007 1770 argumenta
1029 1681 1167 1749 infimae
1192 1684 1292 1750 aetati
1317 1684 1370 1752 tri·

194 1791 326 1861 bueret.
374 1788 479 1874 Quod
505 1800 618 1855 tamen
643 1789 766 1856 falsum
791 1801 853 1860 est.
902 1787 990 1856 Nam
1016 1791 1162 1856 verbum
1193 1795 1370 1856 ὀπτάνεσθαι

194 1895 258 1962 iam
277 1897 321 1962 ab
346 1895 407 1962 illis
432 1895 652 1984 septuaginta
666 1909 863 1984 usurpatur,
890 1895 948 1984 qui
967 1896 1039 1963 fere
1054 1897 1196 1964 saeculo
1213 1900 1370 1966 secundo

193 2024 223 2068 a.
242 2001 325 2069 Chr.
340 2025 371 2072 n.
397 2003 504 2070 libros
536 2016 676 2070 sanctos
693 2002 725 2069 in
748 2002 923 2071 Graecum
952 2025 1149 2070 sermonem
1181 2016 1369 2087 verterunt,

196 2121 231 2175 ut
248 2109 281 2174 in
299 2109 411 2197 primo
428 2108 515 2177 libro
539 2133 663 2197 regum
688 2112 750 2178 ca
766 2111 847 2177 v.8:
872 2113 924 2175 οὐκ
947 2113 1115 2174 ωπτάνοντο
1141 2110 1209 2193 ἔξω.
1258 2110 1369 2179 Etiam

195 2215 228 2282 in
253 2217 395 2305 papyris
415 2216 702 2284 Ptolemaicorum
731 2217 926 2306 temporum
952 2218 1031 2284 illud
1055 2220 1200 2284 verbum
1220 2217 1370 2286 'inveniri

195 2324 320 2410 probat
344 2322 487 2410 Mayser
519 2322 551 2389 in
577 2323 664 2390 libro
689 2346 754 2391 suo
778 2323 1015 2407 „Grammatik
1039 2326 1102 2391 der
1127 2324 1368 2411 griechischen

195 2428 322 2517 Papyri
355 2452 417 2496 aus
449 2430 512 2496 der
536 2429 816 2498 Ptolemaerzeit“
845 2453 878 2520 p.
902 2454 978 2519 404,
1003 2444 1041 2498 ut
1070 2430 1104 2500 in
1129 2454 1265 2520 papyro
1290 2454 1369 2520 qua·

194 2535 284 2616 dam,
310 2558 413 2623 quam
428 2536 533 2603 edidit
546 2537 676 2604 Brunet
692 2538 736 2604 de
750 2536 913 2622 Presleu,
929 2538 1001 2605 fere
1014 2561 1105 2605 anno
1124 2539 1185 2605 160
1201 2561 1231 2609 a.
1243 2538 1325 2610 Chr.
1338 2561 1369 2612 n.

194 2642 364 2730 scripta2),
396 2655 429 2710 et
463 2643 494 2708 in
529 2665 663 2731 papyro
690 2642 906 2711 Tebtunensi
942 2644 1010 2714 vol.
1024 2646 1046 2726 1,
1064 2669 1117 2733 24,
1133 2667 1165 2734 5,
1198 2668 1287 2734 quae
1317 2659 1371 2715 est

195 2749 351 2822 exeuntis
376 2749 504 2817 saeculi
529 2750 672 2817 secundi
689 2773 717 2817 a.
728 2750 809 2818 Chr.
824 2757 899 2831 αθ).
946 2751 1043 2835 Ergo
1068 2774 1132 2820 usu
1157 2753 1256 2820 verbi
1281 2758 1370 2818 ὀπτά-

194 2879 272 2920 νετω
304 2857 438 2923 moveri
472 2879 539 2924 non
569 2880 768 2946 possumus
803 2873 840 2925 ut
869 2859 935 2926 hoc
966 2874 1209 2945 argumentum
1241 2884 1260 2928 a
1290 2874 1369 2928 tem-

195 2963 339 3051 poribus
363 2963 581 3031 Ptolemaicis
606 2964 853 3036 abiudicemuS.

283 3193 355 3262 Sed
388 3217 478 3262 nunc
510 3196 595 3262 haec
628 3196 735 3263 missa
759 3195 857 3275 faci0,
889 3196 1052 3283 quoniam
1081 3198 1125 3263 de
1149 3209 1244 3264 textu
1269 3220 1370 3284 argu·

195 3315 388 3368 mentorum
425 3303 640 3369 recensendo
677 3302 759 3369 satis
795 3303 900 3369 multa
934 3305 1043 3370 verba
1077 3302 1202 3371 fecisse
1237 3303 1368 3372 videor.

195 3407 394 3474 Proximum
427 3422 479 3477 est
511 3422 543 3475 et
574 3409 831 3492 gravissimum,
853 3422 890 3477 ut
915 3433 1132 3498 quaeramus,
1159 3432 1246 3497 quas
1271 3411 1370 3498 leges

196 3513 228 3580 in
246 3515 408 3583 trimetris
434 3516 685 3603 componendis
710 3528 832 3583 auctor
855 3530 996 3585 secutus
1021 3518 1064 3586 sit
1087 3531 1120 3584 et
1146 3540 1226 3584 num
1250 3541 1294 3585 ex
1317 3517 1369 3585 his

194 3622 336 3702 eluceat,
368 3622 494 3709 quibus
528 3622 743 3710 temporibus
774 3637 979 3710 argumenta
1010 3638 1086 3691 orta
1110 3624 1186 3692 sint.
1236 3624 1282 3692 Ut
1303 3625 1368 3692 iam

194 3749 300 3815 supra
325 3728 404 3809 dixi,
430 3741 634 3816 argumenta
658 3729 690 3795 in
716 3730 892 3799 codicibus
917 3753 987 3798 non
1007 3732 1038 3797 in
1057 3754 1181 3799 versus
1198 3731 1368 3820 dirempta

195 3847 283 3913 sunt,
315 3837 377 3902 sed
403 3849 439 3901 ut
464 3859 569 3922 prosa
594 3836 704 3904 oratio
730 3836 867 3925 scripta.
914 3837 986 3906 Sed
1005 3838 1108 3906 'facile
1130 3837 1162 3905 in
1195 3838 1368 3906 trimetros

285 4031 304 4099 1)
325 4032 442 4086 Notices
461 4042 491 4087 et
510 4033 632 4088 extraits
651 4036 705 4089 des
725 4034 899 4090 manuscrits
912 4037 949 4090 de
964 4037 992 4089 la
1005 4035 1203 4105 bibliotheque
1216 4034 1370 4106 imperiale

193 4118 288 4174 XVIII
309 4123 355 4188 (2),
375 4139 418 4190 49,
437 4140 480 4191 aa·

284 4208 304 4276 2)
325 4208 348 4261 εἷ
366 4208 392 4262 δὲ
412 4210 443 4262 δι’
464 4210 528 4263 ἀλλο
547 4230 569 4262 v.
589 4209 632 4262 οὐκ
652 4211 805 4278 deceptant
822 4233 871 4283 pot,
894 4212 994 4284 γίνωσκε
1014 4220 1156 4284 σαφῶς...

285 4298 304 4363 ³)
324 4294 362 4349 uui
382 4299 505 4370 μηδαμῶς
525 4299 704 4370 ὁπτανωμὲνων.
