3038 5010
657 304 870 367 ..29-

203 490 393 556 choriambo.
442 490 579 557 Praeter
606 492 692 558 hunc
722 493 829 558 locum
856 493 944 557 nullo
967 494 1032 558 alio
1055 494 1119 558 nisi
1143 496 1241 581 equit.
1268 499 1330 559 552

199 598 312 681 legitur
337 654 354 663 .
367 637 388 662 υ
400 638 421 662 υ
434 652 462 675 -,
480 654 496 664 .
510 654 524 662 .
538 638 558 662 ο
571 653 601 676 -,
625 595 681 662 ubi
703 605 814 662 tamen
834 619 947 662 versus
969 598 1190 684 antistrophae
1208 659 1224 668 .
1237 643 1258 666 ο
1270 643 1290 667 ο
1302 650 1328 681 -,

198 743 303 768 Μ-
328 699 473 764 exhibet.
525 700 599 765 Hoc
629 708 737 765 autem
766 701 838 765 loco
866 722 972 785 neque
1001 702 1033 764 in
1062 703 1195 788 stropha
1222 725 1329 789 neque

198 805 227 866 in
256 802 460 889 antistropha
489 805 600 887 quinta
630 804 760 869 dimetri
784 804 911 889 syllaba
942 805 1058 889 corripi
1081 811 1200 891 potest.
1245 807 1329 870 Nam

197 901 376 995 πρεσβύτης
404 932 423 972 a
453 908 582 992 longam
620 914 729 972 servat
763 930 822 995 per
854 908 963 972 omnia
994 910 1126 973 saecula
1156 931 1257 995 usquc
1288 911 1329 974 ad

197 1012 420 1077 alexandrinos
443 1013 498 1098 qui
518 1019 675 1078 vocantur
696 1019 819 1099 poetas,
844 1013 877 1076 in
899 1009 1063 1091 παντοίας
1079 1020 1187 1079 autem
1206 1015 1329 1100 syllaba

198 1141 225 1181 οι
248 1123 323 1182 ante
347 1117 492 1180 vocalem
512 1139 577 1181 non
594 1119 764 1203 corripitur
786 1124 821 1181 ut
841 1118 877 1181 fit
895 1119 929 1181 in
951 1118 1081 1202 notr5.¹)
1121 1119 1236 1203 Itaque
1262 1126 1327 1183 sta-

198 1219 349 1285 tuendum
373 1226 422 1284 est
446 1217 702 1305 Aristophanem
732 1222 764 1284 in
789 1221 838 1284 his
862 1222 1009 1285 versibus
1041 1222 1206 1285 licentiam
1230 1229 1329 1285 antea

199 1349 258 1390 non
282 1347 470 1392 concessam
493 1325 526 1388 in
549 1326 726 1390 formandis
750 1326 901 1390 diiambis
925 1348 1116 1412 usurpasse.

278 1499 348 1563 Nec
370 1498 486 1561 minori
509 1499 641 1563 licentia
664 1498 800 1583 insignis
824 1506 875 1563 est
898 1500 1032 1584 stropha

420 1621 746 1704 vaspium-1461
773 1651 813 1673 =
840 1620 1107 1705 ποτ-ναμε)

494 1729 579 1818 ζηλιῦ
602 1754 636 1816 γε
658 1731 717 1820 τῆς
739 1724 889 1812 εὐτυχίας

491 1829 547 1901 τὸν
570 1833 723 1920 πρέσβυν,
749 1826 783 1900 οἷ
803 1833 940 1922 μετέστη

494 1939 597 2025 ξηρῶν
619 1935 751 2022 τρόπων
774 1939 828 2004 καὶ
853 1942 980 2028 βιοτῆς·

493 2041 586 2129 ἕτερα
609 2043 645 2107 δέ
667 2045 721 2107 νῦν
744 2036 939 2126 ἀντιμαθὼν

491 2137 512 2235 ἦ
535 2145 618 2233 μέγα
641 2143 795 2212 πείσεταί
816 2173 848 2212 τι

494 2248 552 2314 ἐπὶ
575 2245 613 2314 τὸ
637 2251 767 2336 τρυφῶν
788 2249 843 2315 καὶ
867 2247 1024 2334 μαλακόν.

489 2349 573 2436 τάχα
596 2347 628 2418 δ’
655 2349 694 2418 ἂν
716 2349 797 2431 ἴσως
820 2347 878 2419 οὐκ
901 2352 1022 2420 ἐθέλοι.

278 2975 408 3061 Reliqui
431 2978 571 3062 quinque
595 2999 709 3041 versus
734 2980 821 3041 etin
847 2977 981 3064 stropha
1004 2979 1090 3041 etin
1122 2979 1325 3066 antistropha

195 3082 257 3140 tam
281 3079 396 3142 incerti
420 3087 494 3143 sunt
517 3081 621 3157 metri,
646 3087 743 3166 atque
767 3081 849 3145 adeo
875 3082 1023 3144 sibinen
1049 3081 1259 3165 respondent,
1289 3088 1325 3145 ut

194 3181 270 3244 nihil
299 3183 468 3247 effecerint
497 3185 557 3250 viri
592 3183 692 3263 docti,
730 3187 784 3268 qui
814 3184 956 3247 curando
986 3184 1062 3248 huic
1090 3184 1161 3248 loco
1193 3207 1324 3270 operam

194 3283 359 3349 dederunt.
401 3287 439 3349 In
463 3288 565 3372 primo
591 3308 688 3350 versu
849 3295 924 3351 ante
949 3288 1169 3352 choriambum
1188 3289 1324 3373 legitur

193 3388 268 3450 item
291 3390 323 3451 in
348 3390 483 3475 stropha
505 3392 537 3454 in
561 3392 709 3455 versibus
728 3395 746 3454 2
763 3399 796 3455 et
812 3395 841 3470 3,
865 3392 896 3454 in
921 3392 1124 3476 antistropha
1143 3392 1175 3454 in
1192 3413 1288 3455 versu
1305 3396 1324 3454 2

193 3493 272 3557 solo.
318 3493 400 3556 (lum
432 3494 524 3580 primi
559 3494 621 3558 duo
651 3517 782 3573 versus,
814 3496 840 3558 si
873 3496 1065 3578 coniungas,
1099 3501 1324 3559 tetrametrum

192 3597 417 3661 catalecticum
441 3599 584 3663 efficiant

326 3717 411 3804 ζηλῶ
433 3741 468 3804 γε
490 3719 549 3807 τῆς
571 3713 720 3800 εὐτυχίας
741 3713 797 3783 τὸν
820 3716 972 3804 πρέσβυν,
998 3709 1032 3783 οἷ
1052 3717 1190 3805 μετέστη

191 3925 288 4009 paulo
321 3926 426 3988 minus
463 3926 649 3989 offensionis
684 3926 784 3990 habet
817 3927 948 3989 schema
1122 3947 1180 4011 pro

262 4097 282 4163 ¹)
303 4096 428 4159 Ktihner‚
455 4096 642 4150 ansfiilnliche
667 4095 842 4149 Grammatik
865 4096 914 4148 der
935 4094 1125 4164 griechischen
1150 4095 1270 4164 Sprache
1290 4096 1323 4148 1²

190 4198 216 4249 p.
235 4181 295 4235 241.
332 4182 637 4251 K1·iiger,griechische
656 4182 838 4252 Sprachlehre
856 4181 899 4234 fiir
918 4182 1036 4234 Schulen
1055 4182 1082 4235 ΙΙ
1101 4200 1126 4250 p.
1146 4183 1169 4236 7.

261 4272 283 4333 ²)
303 4269 457 4339 Westphal,
477 4270 524 4321 ll²
543 4288 568 4338 p.
588 4270 646 4322 841.
