3038 5010
705 405 797 488 [185]

391 598 425 663 ἔα
448 597 493 676 ἔα,
516 595 585 661 id'ori
606 596 678 678 μάλ’
701 593 793 674 αὖθις
816 595 1006 681 άμφίοταται
1030 602 1096 662 ιλια-

493 701 613 783 πρύοιος
638 700 744 782 ὄτοβος
768 699 802 764 o'i.

387 809 482 885 ἵλαος,
506 801 529 869 ὦ
553 807 681 884 defruor,
701 805 705 886 Ι
723 806 818 882 ἰ’λαος,
841 804 871 868 εἴ
893 832 918 868 τι
943 812 981 894 γᾷ

392 909 498 993 ματέρι
521 908 678 992 τυγχάνεις
697 909 700 990 Ι
721 908 851 992 α’φεγγὲς
873 909 984 992 φέριον.

302 1023 366 1082 ani.
389 1013 426 1079 te*
448 1013 484 1077 tel
508 1013 645 1095 πρόβαθι
666 1012 742 1094 βᾶθ·’
760 1053 778 1082 e
798 1049 837 1056 -
855 1011 911 1075 εἴτ’
934 1012 1030 1096 άκρᾶν
1052 1018 1100 1080 ἐπὶ

494 1117 604 1200 γάαλον
627 1118 736 1204 ἕναλίφ

394 1223 579 1310 Ποσαιὶανίφ
599 1222 603 1303 Ι
628 1225 695 1308 θεῷ
718 1221 879 1305 τυγχάνεις

389 1325 545 1411 βούθυτον
568 1324 693 1407 ἓοτίανΙ
715 1324 835 1408 άγίζιον,
858 1327 933 1392 ἱκοῦ.

187 1435 259 1520 Ipse
282 1432 459 1498 Mciuekius
482 1429 631 1514 proponit
654 1429 717 1493 duo
741 1431 846 1506 verba,
871 1432 985 1514 quihus
1016 1433 1130 1496 lacuna
1158 1440 1234 1519 apte
1265 1457 1321 1500 ex-

190 1540 324 1623 pleatur,
358 1533 494 1619 ἀ’γρὸθεν
528 1541 561 1598 et
595 1533 728 1598 οἴκοθεν.
781 1534 825 1597 Ut
859 1535 996 1621 denique
1029 1538 1123 1620 plena
1155 1540 1320 1623 responsio

191 1645 383 1722 restituatur,
406 1640 542 1704 fortasse
563 1639 594 1701 in
618 1638 749 1722 stropha
765 1660 823 1723 pro
846 1638 1033 1724 άμφιόταται
1050 1649 1098 1707 est
1120 1643 1322 1709 scribendum

195 1747 397 1828 ταριίοταιται;
429 1744 484 1809 cfr.
508 1743 637 1808 Suidam
666 1766 692 1806 s.
722 1763 751 1806 v,
789 1740 904 1826 ὄτοβον·
935 1746 1119 1825 αιριίοταται
1150 1746 1323 1829 ὁίαπράσιος

195 1847 314 1930 ὄτοβος.1

289 2056 389 2140 4-7)
423 2056 724 2120 Luculentissimum
763 2055 856 2119 huius
900 2056 1009 2121 classis
1050 2059 1232 2143 exemplum
1274 2065 1322 2123 est

199 2161 284 2248 Soph.
309 2161 388 2226 Oed.
412 2181 478 2236 rex
494 2163 575 2224 1313
592 2181 599 2221 ε
619 2161 710 2242 1321,
734 2181 797 2245 quo
820 2159 903 2242 loco,
927 2171 962 2223 ut
984 2161 1081 2245 vulgo
1113 2160 1321 2255 distribuitur,

199 2265 253 2330 duo
275 2265 422 2343 dochmh,
445 2267 498 2350 qui
523 2265 646 2329 arsihus
669 2264 780 2327 solutis
804 2263 942 2347 insignes
965 2271 1048 2344 suut,
1073 2272 1104 2328 et
1131 2267 1162 2329 in
1192 2266 1322 2350 stropha

199 2371 272 2433 etin
295 2370 492 2453 antistropha
515 2376 624 2432 carent
648 2389 777 2431 caesura
800 2376 873 2452 post
896 2368 1049 2451 syllabam
1073 2370 1210 2450 tertiam,
1241 2391 1322 2454 quae

199 2479 291 2538 tamen
314 2474 376 2538 alia
399 2473 600 2538 distinctione
623 2472 792 2557 utrobique
814 2472 1000 2536 restituitur.
1046 2473 1097 2537 Ita
1121 2474 1202 2537 onim
1233 2475 1321 2562 locus

198 2576 432 2643 incditionibus
457 2575 673 2640 circumfertur
696 2575 896 2639 distributus:

333 2680 386 2765 (lai
409 2678 534 2763 σκότου)

332 2784 421 2870 νέφος
443 2781 517 2864 ἐμὸν
539 2779 723 2864 άπὸτροττον,
742 2782 747 2864 Ι
768 2782 966 2864 ἐπιπλόμενον
988 2780 1118 2869 ἄφατον,

332 2885 506 2972 (άδάματόν
529 2913 561 2950 τε
584 2891 654 2965 καῑΙ
677 2884 869 2970 ὁυςοῦριοτον
893 2885 982 2969 [dull.

234 3000 294 3057 ant.
332 2989 384 3074 (inl
408 2990 521 3076 φίλος,)

333 3093 369 3160 orl
392 3095 447 3177 μὲν
470 3092 541 3175 ἐμάς
564 3097 704 3171 ἕταάολος
724 3093 728 3174 Ι
749 3092 791 3158 ἔτι
813 3093 946 3175 μόνιμος·
971 3093 1014 3159 ἔτι
1037 3093 1093 3178 γάρ

334 3197 505 3281 (ὑπομένεις
526 3226 564 3279 με
589 3196 642 3262 τάν
661 3201 665 3277 Ι
686 3196 800 3283 τυφλόν
823 3198 983 3282 κηδεύων),

197 3303 245 3368 ubi
265 3304 296 3367 in
320 3304 453 3387 stropha
474 3302 625 3366 traditum
649 3309 697 3367 est
720 3302 926 3384 ἐπιαλιόμενον
950 3310 982 3366 et
1009 3300 1199 3383 αἰλάμαοτον,
1233 3303 1323 3370 deest

195 3402 234 3484 ὅν,
257 3407 341 3491 quod
358 3406 523 3470 Hermann
545 3406 676 3488 addidit,
699 3407 730 3470 in
755 3407 955 3491 antistropha
977 3433 1017 3488 με
1038 3428 1096 3491 pro
1121 3406 1176 3488 ἐμὲ
1191 3409 1323 3473 Erfurdt

194 3512 335 3576 restituit.

291 3614 396 3677 Possit
410 3635 485 3679 vero
502 3613 615 3680 eodem
632 3614 710 3697 iure,
727 3635 790 3698 quo
808 3614 963 3678 diiambus
980 3613 1016 3678 inl
1033 3613 1157 3679 ordros:
1173 3614 1209 3678 inl
1226 3616 1322 3700 φίλος,

192 3717 363 3783 interiectio
387 3717 423 3780 m
447 3719 515 3784 sola
536 3719 697 3804 praemitti
728 3719 872 3783 versibus
903 3719 1104 3800 dochmiacis‚
1136 3718 1221 3803 quod
1253 3720 1323 3783 aliis

192 3823 265 3887 locis
289 3812 375 3885 haud
397 3823 507 3906 paucis
530 3823 597 3885 fieri
621 3828 761 3903 constat3
785 3823 870 3907 quod
895 3823 920 3886 si
943 3824 987 3904 fit,
1009 3825 1041 3887 in
1065 3825 1211 3888 omnihus
1227 3821 1323 3886 doch·

192 3925 268 4008 miia,
291 3946 425 4009 quorum
449 3927 549 3989 altera
571 3927 666 4011 longa
690 3933 738 3989 est
768 3927 882 4007 soluta⁷
913 3947 1044 3990 caesura
1068 3932 1116 3991 est
1145 3926 1321 3990 observata.

190 4028 356 4094 Distinctio
382 4030 463 4094 enim
486 4029 565 4140 haec
588 4028 738 4093 efficitur:

293 4274 300 4306 ¹
320 4271 407 4322 Aliter
420 4271 618 4336 antistropham
632 4271 778 4322 restituere
791 4271 904 4323 student
917 4273 1055 4338 Hartung‚
1067 4271 1184 4322 Schenkl
1205 4272 1321 4336 (Philol.

191 4357 280 4416 XVII,
298 4356 369 4421 ⁶241),
389 4359 540 4409 Goldmann
561 4355 595 4407 de
615 4356 721 4409 dochm.
740 4375 790 4410 usu
809 4358 889 4426 Soph.
909 4375 935 4425 p.
955 4357 995 4409 78.
