3038 5010
607 1507 742 1589 LIBER
769 1505 1018 1589 SECUNDUS.

563 1719 612 1770 DE
630 1717 810 1771 VERSIBUS
829 1717 1062 1771 DOOHMIAGIS.

779 1997 847 2078 ss.

349 2121 469 2185 Sinon
492 2119 631 2182 absurda
654 2124 737 2200 sunt,
761 2139 844 2202 quae
867 2139 963 2202 supra
993 2118 1033 2181 de
1064 2120 1207 2183 versibus
1237 2119 1380 2184 iambicis

247 2223 428 2309 syncopatis
451 2223 692 2307 disputavimus,
717 2244 825 2287 versus
848 2222 1061 2303 dochmiacae,
1085 2222 1124 2288 de
1147 2223 1262 2307 quibus
1279 2224 1379 2288 diver·

247 2330 389 2393 sissimus
412 2326 591 2392 sententiae
615 2327 715 2411 magis
743 2327 885 2392 minusve
915 2326 1095 2411 probabiles
1126 2347 1145 2390 a
1173 2328 1247 2391 viris
1277 2327 1379 2392 doctis

248 2441 279 2498 et
298 2434 443 2517 prolatae
461 2437 534 2495 sunt
550 2437 582 2493 et
597 2431 702 2494 adhuc
717 2431 948 2514 proferuntur,¹
968 2431 1045 2493 nihil
1062 2430 1193 2516 impedit
1211 2433 1379 2516 quominus

247 2538 420 2602 referamus
442 2535 473 2598 in
490 2555 640 2599 versuum
656 2534 863 2599 iambicurum
879 2557 1056 2616 numerum,
1081 2537 1195 2620 quibus
1213 2543 1245 2601 et
1259 2535 1381 2600 formae

247 2639 450 2706 similitudine
474 2645 505 2703 et
528 2638 639 2702 crebra
663 2639 884 2704 coniunctione
906 2647 981 2704 sunt
1002 2641 1182 2726 propinqui,
1205 2646 1379 2704 statuentes

248 2744 412 2809 duuhmios
437 2765 505 2808 esse
528 2742 679 2828 tripudias
702 2743 852 2809 iambicus
876 2746 940 2808 arsi
961 2745 1101 2809 secunda
1116 2752 1292 2830 syncopata
1308 2765 1381 2809 uon-

248 2877 373 2959 spiouas
409 2843 699 2983 (Jls’llffi'ff).

350 3005 433 3070 Nam
456 3027 608 3090 quaeres
632 3007 715 3069 virus
740 3006 851 3069 duatus
866 3011 993 3090 praeter
1008 3010 1130 3069 ceteras
1153 3004 1321 3089 quominus
1341 3003 1381 3068 de

249 3109 308 3174 hau
332 3110 511 3196 explicandi
533 3112 656 3174 ratione
680 3112 866 3195 cogitarent,
888 3109 1059 3194 prohibuit,
1084 3129 1181 3173 eosve
1204 3107 1319 3193 quide
1343 3129 1381 3172 ea

249 3215 480 3299 cogitaverunt,
496 3221 532 3279 ut
547 3237 653 3280 rursus
671 3236 741 3279 eam
757 3215 918 3280 abicerent
936 3215 1045 3294 movit,
1062 3213 1147 3297 quod
1160 3213 1258 3278 thesis
1269 3214 1380 3297 prima,

250 3338 344 3401 quam
370 3340 439 3383 esse
462 3319 700 3403 producendam
723 3321 767 3383 ita
790 3325 825 3382 ut
848 3319 975 3382 trisemo
997 3317 1089 3382 fieret
1118 3317 1283 3401 putabant,
1313 3339 1381 3382 sae·

354 3515 361 3546 ¹
381 3512 513 3563 Veterum
532 3510 674 3576 opiniones
692 3515 754 3575 pust
773 3509 933 3571 Seidlerum,
954 3506 1161 3573 Rossbachium,
1180 3508 1380 3574 Wostphalium

249 3597 363 3663 collegit
382 3597 452 3649 Guil.
477 3595 590 3648 Kuehne
618 3597 650 3647 de
675 3597 795 3649 dochinio
819 3595 884 3663 qnid
908 3595 1076 3647 tradiderint
1093 3600 1204 3660 ueteres,
1221 3594 1299 3645 Halis
1319 3594 1380 3647 Sex.

249 3681 324 3744 1863,
350 3683 532 3734 recentiorum
557 3683 587 3734 L.
607 3682 782 3734 Bellermann
807 3682 839 3733 de
858 3685 953 3735 metris
974 3680 1128 3747 Sophocleis
1150 3687 1267 3732 oeternnn
1287 3681 1381 3747 rhytio-

249 3773 379 3823 micornm
406 3770 531 3822 doctrino
555 3770 746 3837 amplicandia,
770 3768 868 3834 Progr.
898 3766 945 3820 des
969 3768 1042 3820 Berl.
1067 3769 1164 3834 Gymn.
1189 3783 1249 3817 zum
1276 3783 1381 3833 grauun

249 3856 358 3909 Kluster
373 3854 438 3909 1864
448 3872 473 3922 p.
483 3854 595 3923 22-29,
609 3845 764 3907 Guldmnnu
785 3857 816 3907 de
827 3856 1007 3908 dochmiurnm
1017 3871 1069 3906 usn
1080 3853 1224 3920 Sophocleo
1234 3870 1260 3920 p·
1270 3852 1381 3919 31-32‚

251 3957 310 3992 cum
342 3943 451 3994 illorum
480 3949 535 3994 tum
567 3942 815 3995 nocentissimorum
848 3941 899 3992 Ed.
924 3941 1053 3993 Schultze
1086 3941 1116 3991 de
1147 3940 1283 4006 dochmio,
1317 3939 1380 3990 diss.

250 4027 379 4081 ienensis
399 4028 465 4083 1877
483 4047 508 4096 p.
527 4029 620 4083 6-32.
657 4027 712 4080 Cfr.
731 4031 876 4094 praeterea
897 4028 933 4079 M.
951 4028 1083 4091 Lortzing
1108 4028 1141 4077 de
1167 4042 1279 4078 numero
1304 4027 1381 4079 doch·

249 4119 335 4168 mioco
360 4117 448 4168 Berul.
469 4115 543 4169 1863.
575 4114 603 4169 C.
627 4116 785 4167 Ldschhoru
812 4116 981 4181 quaestiones
1005 4117 1130 4166 metricae
1155 4113 1281 4179 Magdsb.
1307 4110 1381 4164 1873.

250 4202 282 4252 A.
295 4203 469 4268 Vogelmann
495 4203 579 4255 Ueber
595 4201 804 4265 Tuistoleichlaeit
817 4204 847 4253 in
861 4201 910 4252 der
922 4200 1033 4252 oietiicen
1047 4200 1147 4251 Metriic
1159 4203 1208 4251 mit
1221 4199 1381 4251 besonderer

252 4289 396 4343 Rc'iclcsictt
420 4289 546 4355 anf‘den
564 4289 719 4341 Dochmius.
740 4287 872 4339 Festschr.
893 4285 941 4337 dor
961 4287 1125 4353 Gymnasien
1146 4286 1310 4339 Wiirttemb·
1330 4300 1378 4336 zur

251 4375 276 4433 4·
294 4375 478 4434 Sduularfuier
497 4391 551 4429 von
570 4374 724 4440 Ttibingeu,
742 4390 768 4440 p.
786 4371 896 4426 39-51.
