3038 5010
717 444 806 526 [ατ]

197 642 337 726 Ohoeph.
360 643 423 704 436
448 645 479 703 et
503 638 582 702 437:
607 640 666 701 441
694 643 725 701 et
749 639 811 700 442

348 743 429 807 ἕκατι
452 743 510 823 μὲν
533 738 684 820 δαιμόνων
707 747 769 804 unt.
793 739 891 821 μόρον
913 742 1010 804 κτίσαι
1031 738 1157 820 μωμένα

346 847 426 910 ἕκατι
450 843 563 925 δ”ἆμᾶν
581 851 680 928 χερῶν
789 841 924 928 ἄφερτον
947 845 1031 907 αἰῶνι
1055 847 1111 931 σῷ.

195 953 253 1016 hoc
277 952 389 1018 modo:

573 1036 937 1117 o-o-iho-·

295 1159 431 1225 Constat
442 1180 551 1224 versus
565 1178 604 1221 ex
625 1157 751 1222 duobus
765 1157 922 1236 diiambis,
934 1159 1036 1222 altero
1047 1157 1217 1223 holceIero,
1228 1158 1328 1223 altero

193 1263 398 1349 primopede
421 1269 600 1348 syncopato
624 1262 690 1326 sive
714 1264 830 1327 cretico
855 1264 909 1346 qui
926 1261 1049 1327 dicitur.
1094 1261 1176 1326 Nam
1193 1264 1328 1327 creticus

192 1370 217 1432 is
241 1367 380 1454 quidem,
408 1368 461 1451 qui
484 1374 540 1430 aut
569 1369 712 1432 versibus
743 1374 799 1431 aut
826 1367 965 1452 strophis
996 1368 1136 1432 iambicis
1167 1369 1328 1432 immixtus

191 1473 317 1557 legitur,
340 1472 416 1535 mibi
439 1471 515 1534 nihil
546 1471 632 1534 aliud
661 1471 787 1536 videtur
818 1495 888 1537 esse
919 1494 1014 1557 quarn
1044 1472 1208 1552 diiambus,
1239 1473 1328 1536 cuius

191 1576 292 1661 prima
325 1575 403 1639 arsis
437 1597 493 1660 per
531 1596 704 1660 syncopam
739 1582 787 1640 est
822 1579 948 1641 sublata
983 1583 1014 1641 et
1049 1577 1176 1641 theseos
1209 1578 1329 1662 primae
1391 1639 1393 1643 ,

190 1681 401 1765 productione
425 1682 654 1763 compensata.¹
699 1681 816 1746 Differt
839 1688 946 1744 autern
970 1682 1103 1745 creticus
1127 1681 1177 1743 hic
1200 1681 1240 1744 ab
1262 1681 1327 1762 illo,

191 1785 244 1870 qui
272 1784 414 1850 versibus
443 1783 610 1848 trochaicis
641 1786 776 1850 occurrit
808 1787 1004 1868 coniunctus,
1034 1808 1071 1851 eo
1102 1785 1188 1870 quod
1214 1786 1244 1848 in
1268 1785 1329 1848 hoc

190 1888 332 1952 secunda
361 1889 458 1971 longa
486 1896 535 1952 est
566 1890 709 1967 trisemo,
740 1912 810 1954 cunr
840 1891 880 1953 sit
911 1890 1127 1965 ditrochaeus,
1160 1891 1247 1954 euius
1280 1911 1328 1952 se-

191 1993 296 2058 cunda
318 1993 397 2056 arsis
420 1999 468 2056 est
492 1999 677 2077 syncopata,
701 1995 745 2056 ita
769 1994 1010 2058 describendus:

481 2124 616 2168 -υε
640 2099 744 2180 (ortus
768 2121 808 2162 ex
833 2137 872 2145 —-
891 2137 908 2171 u
928 2135 965 2144 —
986 2102 1035 2179 o),

190 2200 222 2264 in
243 2201 298 2267 illo
322 2208 443 2282 contra,
467 2201 586 2265 utiam
609 2201 758 2285 diximus,
781 2203 883 2287 prima
906 2204 1001 2289 longa
1025 2211 1073 2268 est
1096 2205 1223 2268 trisema

444 2331 480 2357 ι
503 2344 521 2377 o
539 2305 700 2386 —(ortus
725 2313 836 2372 estex
858 2345 875 2378 o
893 2349 934 2358 —
952 2347 970 2380 υ
988 2320 1053 2382 —t

292 2408 468 2489 Diiambus,
491 2412 580 2474 cuius
604 2411 681 2474 arsis
703 2413 805 2477 altera
834 2434 891 2497 per
919 2434 1091 2498 syncopam
1119 2419 1167 2477 est
1191 2411 1326 2490 sublata,

192 2511 287 2576 estis
311 2534 375 2597 pes,
398 2515 451 2597 qui
476 2514 625 2578 bacchius
648 2516 804 2600 appellari
827 2517 907 2581 solet
981 2531 984 2538 '

479 2658 497 2687 o
515 2658 554 2668 —
574 2643 612 2670 r-
640 2617 743 2698 (ortus
768 2642 808 2683 ex
831 2659 848 2690 o
867 2657 906 2664 -
927 2655 945 2690 υ
965 2619 1030 2704 -).

293 2718 338 2783 Ut
362 2720 496 2786 creticus
520 2722 564 2785 ita
587 2722 682 2786 etiam
713 2723 764 2786 hic
787 2744 843 2806 pes
872 2724 1057 2808 saepissime
1088 2725 1155 2787 vice
1181 2723 1325 2806 fungitur

190 2821 317 2885 diiambi
339 2822 371 2885 in
393 2824 538 2888 versibus
561 2825 712 2908 iambicis,
737 2826 829 2912 primi
851 2828 1050 2911 potissimum
1072 2827 1102 2890 iu
1119 2827 1156 2890 iis
1172 2826 1325 2907 versibus,

190 2926 221 2989 in
237 2926 352 3010 quibus
369 2927 497 2992 diiambi
512 2931 643 2993 secundi
658 2931 729 2994 loeo
747 2932 881 2996 creticus
897 2932 1012 3015 legitur
1026 2931 1113 3013 (rr-
1127 2968 1163 2975 ·-
1179 2967 1216 2976 -
1228 2964 1246 2999 o
1257 2927 1323 3010 -]·

290 3029 414 3098 Versus
437 3054 513 3097 vero
537 3034 743 3116 usitatissimi,
765 3037 797 3100 in
821 3037 935 3122 quibus
951 3037 1084 3100 creticus
1101 3041 1156 3100 aut
1173 3035 1323 3099 bacchius

191 3133 318 3199 diiambi
340 3138 411 3200 vice
433 3136 619 3222 funguntur,
643 3145 717 3202 sunt
739 3140 787 3203 hi:

666 3373 851 3438 Dimetri.

290 3501 324 3583 a)
355 3503 388 3567 Is
420 3502 568 3582 dimeter,
600 3525 693 3588 quern
726 3525 822 3589 supra
853 3505 1092 3590 descripsinruS,
1123 3515 1273 3572 constans
1302 3529 1320 3570 e

191 3603 328 3670 diiambo
359 3627 438 3690 puro
471 3613 502 3670 ct
530 3609 658 3674 cretico.
710 3608 816 3673 Huius
846 3630 956 3674 versus
987 3612 1134 3694 exempla
1164 3611 1322 3695 congessit

190 3705 369 3792 Westphal.
392 3709 486 3774 Metr.
508 3709 582 3775 IIII
604 3734 634 3797 p.
658 3715 730 3777 216.
903 3790 905 3794 ¹

292 3810 327 3892 b)
349 3811 494 3878 Dimeter
517 3821 664 3880 constans
688 3839 728 3881 ex
752 3817 889 3883 diiambo
912 3840 992 3903 puro
1024 3827 1055 3883 et
1085 3819 1225 3897 bacchio,
1252 3819 1318 3880 sive

135 3979 139 3986 ,
188 3913 321 3980 dimeter
344 3917 546 3983 catalecticus
570 3920 664 4001 (ῡ-
682 3957 700 3993 o
717 3956 758 3965 —
777 3928 781 4002 t
802 3960 819 3994 o
838 3963 878 3971 —
897 3924 965 4006 h),
990 3925 1076 3989 velut

189 4017 304 4083 Aesch.
327 4020 416 4085 Pers.
442 4025 524 4088 1070
547 4030 579 4089 et
605 4028 684 4090 1071
709 4025 767 4090 tud
791 4027 828 4112 δή
850 4032 914 4092 και)
938 4025 1015 4092 ἄστυ

706 4129 762 4192 ἰωὰ
786 4133 874 4214 δῆτα,
899 4136 945 4195 ναὶ
967 4134 1023 4195 ναί.

188 4225 244 4289 cfr.
266 4226 448 4312 Westphal,
472 4230 565 4296 Matr.
590 4233 610 4295 l.
634 4233 654 4296 l.
678 4255 707 4317 p.
732 4235 803 4297 214.

190 4338 392 4349 ——--...—...

293 4399 301 4434 ¹
321 4402 362 4452 De
382 4407 603 4470 compensatione
625 4423 718 4459 arseos
731 4425 892 4476 suppressae
905 4415 969 4464 ante
981 4414 1067 4466 thesin
1083 4412 1200 4462 solutam
1219 4409 1253 4463 cf.
1265 4412 1280 4477 ξ
1293 4413 1316 4464 7.

1181 4500 1213 4553 2*
