3038 5010
651 291 861 350 ,24-

191 481 330 564 spatium
361 480 507 566 expleat,
480 480 672 544 tfacilius
705 476 876 542 toleranda
910 477 1000 542 videt
987 484 1055 557 t,ur
1089 498 1263 564 quam.-

190 588 246 645 aut
267 625 335 649 w
382 589 476 649 ,tau
502 603 632 650 σο-
655 581 789 645 diiambi
812 582 884 645 loco
909 582 1025 667 posita.

274 684 522 749 Admissust
472 691 522 750 est
545 692 586 748 trr
560 685 728 770 ribraohys
752 692 844 770 praet
846 706 881 749 cr
912 685 1133 750 choriambum
1156 684 1197 749 ab
1221 683 1325 748 Ana-

191 797 363 856 crconte

682 877 720 941 fr.
745 881 799 941 24:
812 876 837 962 1)

257 981 483 1070 Ἀναπέτομαι
506 983 546 1076 δι)
570 983 655 1074 πρὸς
669 981 844 1072 Ὄλυμπον
866 982 1059 1074 πτερύγεσσι
1082 983 1223 1075 κούφαις

259 1087 315 1157 διὰ
337 1086 393 1157 τὸν
407 1083 545 1177 Ἔρωτ’·
570 1087 606 1158 οὗ
630 1088 690 1178 γὰρ
713 1090 788 1176 ἐμοὶ
812 1096 894 1171 παῖς
917 1091 1025 1159 ἐθέλει
1049 1093 1198 1179 συνηβᾶν.

656 1467 701 1550 ὥς
721 1466 753 1555 μ’
779 1466 896 1539 ε’σιδών
918 1471 1037 1559 γένειον

380 1569 566 1643 ὑποπόλιον
588 1573 833 1664 χρυσοφαέννων
856 1571 1023 1663 πτερύγων
1045 1570 1164 1666 ἄήταις

381 1678 612 1766 παραπέτεται

278 2018 521 2082 Anacreontem
555 2011 615 2082 ὅλα
651 2010 785 2105 ᾄσματα
820 2019 870 2083 his
906 2019 1056 2084 versibus
1092 2019 1328 2105 conscripsisse

192 2121 415 2206 Hephaestion
439 2121 535 2184 docet
560 2143 590 2206 p.
614 2125 669 2202 31,
694 2125 729 2185 6;
762 2115 943 2209 Ἀνακρέων
975 2120 1010 2187 δέ
1041 2117 1237 2210 ἐπετήδευσε
1270 2117 1330 2209 τὴν

192 2218 323 2310 πρωτην
344 2220 497 2309 συζυγίαν
520 2216 560 2288 δι’
587 2219 663 2289 ὅλου
687 2218 834 2312 ᾄσματος
856 2223 892 2290 ἐκ
913 2220 1102 2312 τριβροίχεος
1124 2223 1180 2291 καί
1207 2220 1330 2309 ἰάμβου

193 2329 345 2416 ποιῆσαι,
369 2322 413 2406 ὡς
436 2320 519 2393 εἶναι
542 2322 652 2416 κοινὴν
674 2323 766 2393 λύσιν
797 2330 856 2417 τῆς
881 2353 917 2394 τε
944 2331 1161 2419 χοριαμβιιῆς
1188 2328 1245 2395 καὶ
1271 2330 1332 2418 τῆς

194 2427 352 2519 ἰαμβικῆς
362 2425 381 2465 ·‘
410 2424 618 2515 ἀναπέτομαι
640 2431 707 2496 κτλ.

281 2534 363 2598 Cum
373 2557 437 2598 non
450 2541 616 2620 appareat,
633 2542 741 2599 utrum
753 2527 793 2604 ὠ
806 2579 826 2602 o
839 2579 859 2602 o
875 2576 886 2604 ,ι
906 2559 946 2600 an
959 2578 979 2602 o
989 2530 1029 2604 ὼ
1038 2579 1057 2603 ο
1069 2575 1087 2605 r
1100 2536 1330 2621 Hephaestion

197 2638 340 2726 dividere
355 2640 504 2720 voluerit,
520 2639 607 2703 haud
621 2640 712 2725 parvi
723 2641 877 2703 momenti
890 2640 971 2705 illud
984 2647 1043 2722 est,
1057 2640 1143 2726 quod
1155 2641 1332 2706 scholiasta

194 2742 225 2806 A
245 2743 286 2806 ad
309 2743 394 2807 hunc
418 2744 525 2806 locum
549 2743 631 2806 haec
655 2743 789 2806 adnotat
812 2765 843 2828 p,
863 2746 932 2823 181,
953 2747 1008 2807 20:
1034 2741 1164 2809 Γίνεται
1188 2733 1244 2809 οὖν
1259 2744 1333 2833 (τῆς

195 2839 404 2928 ἀναπέτομαι
420 2843 549 2931 λέξειας)
564 2841 602 2910 τὸ
621 2841 701 2931 (πρὸ
716 2847 788 2932 τοῦ)
805 2870 906 2930 τομαι
918 2842 1100 2933 τρίβραχυς,
1113 2848 1172 2935 τῆς
1186 2847 1333 2932 μαίκρᾶς

196 2949 372 3038 συλλαβῆς)
395 2951 453 3015 τοῦ
477 2946 511 3014 ἱα
503 2944 598 3034 μβου
622 2948 725 3038 [τηςχ
726 2975 774 3016 rou
797 2974 856 3016 του
880 2947 1038 3035 ίαμβιιου
1061 2950 1165 3038 codd]
1198 2952 1333 3019 διαλυο-

196 3050 292 3139 μένης
325 3050 372 3131 εἰς
405 3048 462 3118 δίο
496 3049 660 3139 βραχείας.
716 3051 843 3126 Quibus
879 3053 986 3118 verbis
1021 3054 1174 3139 perlectis
1212 3057 1333 3121 nomini

197 3157 329 3222 dubium
353 3159 455 3224 crit
553 3174 716 3224 ,ι”ιιοιι
683 3199 751 3225 oo
806 3178 917 3223 aesse
940 3157 1158 3222 dividendum.

284 3270 414 3335 Tertius
437 3271 527 3335 locus
552 3278 627 3336 exta
629 3269 750 3355 tapud
773 3269 1012 3355 Euripidem

387 3391 460 3478 Iph.
483 3392 560 3458 Aul.
586 3394 795 3456 1036-1047
813 3423 852 3444 =
875 3394 1099 3456 1058—1070:
1114 3391 1140 3476 2)

343 3500 395 3582 τίς
416 3497 463 3590 ἄρ’
489 3496 641 3587 ὑμέναιος
662 3498 718 3568 διὰ
740 3502 846 3568 λωτοῦ
868 3499 999 3588 Λίβυος

346 3603 429 3691 μετά
451 3632 486 3674 τε
509 3603 684 3696 φιλοχόρου
707 3602 851 3694 κιθάρας

272 3752 291 3814 1)
310 3746 458 3815 Westphal
471 3747 520 3799 11²
540 3764 565 3814 p.
579 3747 629 3799 7116
646 3746 796 3802 dimetrum
815 3745 1032 3800 choriambicum
1051 3748 1080 3799 et
1097 3745 1218 3815 primum
1237 3747 1335 3815 phere·

202 3837 325 3890 crateum
344 3850 406 3887 cum
425 3832 564 3887 solutione
582 3834 671 3887 vocat.

270 3924 291 3987 ²)
311 3920 457 3989 Westphal
471 3920 516 3973 11²
529 3937 555 3988 p.
568 3920 618 3972 842
631 3920 840 3988 hypermetrum
853 3919 1079 3983 choriambicum,
1094 3917 1186 3974 Christ
1200 3920 1337 3987 (Metrilr²

202 4027 228 4077 p.
240 4007 301 4074 472)
320 4006 492 4061 choriambus
510 4004 687 4060 intermixtos
705 4021 763 4059 esse
782 4006 872 4073 putat.
902 4004 1062 4074 Euripidem
1080 4005 1110 4058 in
1128 4004 1255 4061 trimetro
1267 4024 1336 4076 quo-

202 4112 256 4163 quo
274 4093 392 4148 diverbii
410 4093 515 4147 maiore
534 4109 646 4146 numero
666 4091 767 4161 pedum
786 4092 940 4145 solutorum
953 4109 1034 4145 usum
1047 4109 1104 4145 esse
1117 4109 1202 4160 quom
1216 4093 1337 4162 Aeschy-

201 4182 260 4233 lum
278 4183 306 4234 et
319 4179 484 4249 Sophoclem
502 4197 564 4233 cum
582 4178 632 4232 alii
650 4179 804 4233 docuerunt
822 4180 881 4230 tum
894 4177 1070 4248 Rumpelius‚
1089 4177 1134 4232 die
1147 4178 1337 4249 aul'lbsungen

202 4267 240 4320 im
260 4267 385 4321 trimeter
403 4266 450 4320 des
470 4264 615 4335 Euripides
634 4264 782 4335 (Philolog.
801 4264 855 4317 vol.
875 4264 965 4318 XXIV
984 4283 1010 4333 p.
1029 4264 1186 4331 lot-421).
