3038 5010
682 453 774 538 [ru]
1255 461 1295 522 aa

160 633 361 713 aecusativus
391 645 580 709 substantivi
611 644 721 722 κτύπος
752 653 784 710 et
813 648 977 731 genetivus
1001 646 1148 727 ἁρμάτων
1170 648 1210 712 ab
1233 650 1295 713 hoo

158 750 312 836 pendens.
348 750 438 824 Quae
461 750 642 813 coniectura
659 772 697 814 eo
714 750 962 830 commendatur,
980 750 1064 835 quod
1083 752 1177 815 etiam
1194 752 1293 817 altero

160 854 304 918 eiusdem
326 852 456 917 fabulae
478 855 550 918 looo
573 853 707 918 verbum
731 851 845 929 κτύπος
868 873 939 916 oum
963 854 1110 935 genetivo
1137 856 1169 918 in
1201 858 1294 920 unius

159 958 250 1023 verbi
280 978 395 1042 eorpus
425 957 688 1041 comprehensum
720 956 851 1021 exhibet
882 956 994 1040 sodex,
1017 979 1046 1022 v,
1070 959 1121 1033 83,
1153 959 1207 1022 ubi
1236 975 1293 1044 pro

158 1059 263 1125 ὅπλων
284 1059 395 1138 κτύπος
418 1062 534 1147 legitur
555 1059 765 1137 οττλοκτύαος.1

264 1166 314 1229 Ab
339 1162 447 1247 ὄτοβον
473 1166 618 1250 suspicor
640 1166 776 1230 alterum
798 1166 981 1250 genetivum
1004 1166 1202 1252 pependisse,
1232 1169 1294 1232 for-

158 1277 245 1336 tasse
267 1270 413 1334 vocabuli
436 1267 507 1354 ὄχος
529 1271 713 1355 genetivum
736 1271 827 1357 plum,
853 1278 887 1334 ut
910 1269 989 1334 haee
1005 1271 1072 1335 fere
1089 1270 1183 1336 fuerit
1198 1272 1293 1337 lectio

160 1377 299 1460 genuina
321 1397 447 1440 versus:

286 1477 463 1564 (άκούζσασα
486 1477 539 1543 τάν
561 1476 721 1561 άρμάτων)
744 1477 857 1543 κτύπον
879 1475 965 1562 ὄχων
988 1478 1014 1542 τ’
1036 1476 1153 1562 ὄτοβον.

264 1583 347 1647 Sane
370 1584 525 1648 voeabula
548 1582 631 1665 άρμα
655 1592 687 1650 et
712 1581 784 1667 ὄχος
799 1605 863 1647 non
878 1584 1011 1648 eandem
1027 1605 1156 1668 prorsus
1175 1583 1292 1646 habere

159 1689 223 1751 vim
246 1694 351 1772 neque'
371 1689 581 1773 tautologiam
605 1688 772 1753 molestam
795 1689 925 1754 inlatam
949 1689 1074 1753 anobis
1091 1711 1160 1753 esse
1178 1686 1293 1751 dooere

159 1792 237 1856 mihi
259 1791 408 1857 videntur
431 1792 575 1856 nonnulli
596 1793 659 1857 looi
674 1792 848 1877 Euripidei,
870 1794 902 1856 in
926 1792 1039 1877 quibus
1060 1794 1104 1856 ita
1126 1798 1200 1856 sunt
1219 1813 1293 1856 oon-

158 1897 269 1961 iunota
298 1896 376 1962 haer
406 1899 520 1978 verba,
550 1904 584 1961 ut
611 1899 777 1984 genetivus
807 1896 954 1979 άρμάτων
984 1898 1124 1982 pendeat
1154 1896 1194 1960 ab
1223 1893 1293 1979 ὄχος

159 2001 227 2065 sive
248 2000 333 2086 quod
354 2001 439 2068 idem
463 2001 530 2066 fere
551 2003 717 2087 signifieat
741 1999 861 2086 ὄχημαι

159 2103 237 2170 Eur.
261 2105 371 2190 Suppl.
396 2109 457 2171 662
716 2105 859 2188 ἁρμάτων
881 2105 1055 2191 δ’άχήματα

495 2208 605 2291 ἔνερθε
628 2217 748 2292 σεμνοῦν
765 2208 935 2294 μνημάτων
953 2211 1121 2297 Ἀμφίονος.
1145 2216 1177 2276 et
1194 2209 1292 2295 Hipp.

163 2316 245 2378 1166
270 2315 374 2391 οἰκεῖος
397 2312 490 2379 αύτόν
513 2312 600 2380 νόλεσ’
623 2313 771 2396 α’ρμάτων
794 2312 875 2398 ὄχος.
920 2315 1089 2400 Emphasis
1120 2316 1213 2396 enim,
1235 2337 1294 2400 per

161 2439 257 2504 quam
280 2424 354 2482 sunt
377 2419 430 2503 qui
453 2419 649 2504 pleonastioe
679 2419 739 2483 hoo
769 2442 840 2484 esse
869 2419 988 2483 dietum
1018 2421 1133 2502 velint,
1165 2421 1291 2484 omniuo

160 2523 312 2587 abhorret
335 2523 374 2587 ab
397 2522 445 2587 his
467 2525 555 2603 loris,
579 2545 714 2608 quorum
737 2524 842 2611 priore
865 2524 995 2588 nuntius
1019 2525 1177 2589 exercitus
1194 2525 1292 2588 aciem

161 2627 321 2711 describit,
344 2627 444 2690 altero
468 2628 598 2691 nuntius
617 2626 742 2693 Theseo
766 2628 985 2711 interroganti,
1008 2648 1071 2711 quo
1094 2628 1189 2693 modo
1212 2627 1293 2712 Hip·

159 2731 291 2817 polytus
312 2731 476 2813 interierit,
499 2731 678 2816 respondet.
716 2731 778 2796 Hie
800 2733 889 2796 lorus
911 2731 1047 2796 fortasse
1061 2731 1179 2796 indicat
1193 2732 1290 2796 verbo

161 2832 233 2918 ὄχος
254 2837 382 2920 proprie
404 2857 468 2900 non
491 2841 556 2900 tam
580 2857 715 2916 currum,
740 2857 833 2920 quam
857 2857 955 2920 equos
978 2834 1095 2901 raedae
1126 2836 1291 2901 adiunctos

163 2940 341 3024 significari.
376 2940 435 3004 His
452 2940 623 3021 eni1n‚n0u
641 2941 746 3003 currui
762 2947 897 3005 mortem
917 2940 1086 3027 Hippolyti
1106 2940 1293 3024 Euripidem

159 3043 192 3107 in
216 3045 340 3127 culpam
364 3052 550 3111 convertere
573 3044 711 3108 voluisse
734 3033 866 3132 apparet
890 3052 923 3110 et
947 3065 962 3106 e
986 3045 1088 3109 nuntii
1110 3046 1291 3110 narratione

162 3154 193 3213 et
216 3168 256 3211 ex
279 3149 327 3212 his
351 3147 518 3234 Hippolyti
541 3149 721 3213 moribundi
744 3149 850 3214 verbis
874 3148 1006 3232 (1240):
1037 3147 1134 3232 στῆτ’,
1164 3142 1190 3212 ol
1212 3147 1292 3233 φάτ-

161 3276 239 3315 ναισι
268 3261 335 3328 ταῖς
364 3254 450 3332 ἐμαῖς
481 3250 707 3335 τεθραμμέναι,
725 3251 781 3336 ’μὴ
812 3250 1031 3336 μ’ἐξαλείψητ’.
1076 3251 1170 3316 Hanc
1192 3252 1290 3317 fuisse

161 3355 323 3439 propriam
345 3356 434 3421 verbi
456 3353 528 3439 ὄχος
552 3357 712 3421 notionem
737 3359 923 3421 confirmare
946 3356 1071 3421 videtur
1099 3356 1197 3438 locus,
1227 3376 1289 3440 quo

161 3456 306 3540 ἁρμάτων
330 3455 400 3542 ὄχος
430 3460 633 3524 coniunctum
661 3461 778 3545 legitur
808 3482 878 3525 oum
901 3457 1076 3540 ἐξελαύνειν,
1107 3457 1192 3543 quod
1223 3459 1290 3525 sine

162 3562 259 3627 dubio
283 3564 389 3647 aptius
411 3563 450 3628 de
475 3564 562 3648 equis
593 3585 688 3649 quarn
717 3563 758 3630 de
782 3586 876 3628 curru
908 3563 1030 3643 dieitur,
1060 3561 1136 3628 Eur.
1165 3563 1290 3628 Phoen.

164 3669 246 3731 1190
269 3665 382 3744 ἰδόντες
405 3666 566 3750 ἐξήλαυνον
588 3666 730 3748 ἁρμάτων
753 3665 855 3751 ὄχους.
901 3668 972 3742 Qun
996 3689 1090 3732 sensu
1114 3666 1200 3730 haud
1226 3668 1290 3731 auio
1382 3668 1387 3678 '

162 3791 202 3833 an
223 3776 338 3855 poetae
361 3771 492 3835 verbum
515 3792 580 3835 non
610 3773 842 3856 usurpaverint,
871 3771 931 3835 nisi
959 3771 1014 3835 ubi
1044 3792 1114 3834 oum
1144 3771 1290 3855 genetivo

163 3947 365 3954 ———-

166 4099 168 4103 -
265 4068 274 4102 ¹
293 4065 372 4127 Quod
391 4065 512 4118 Dindorf
526 4067 553 4118 in
573 4072 646 4133 poet.
659 4083 732 4118 soen.
747 4067 912 4120 Graeoorum
927 4066 1045 4118 editione
1058 4064 1166 4117 notavit
1178 4063 1291 4130 primam
1347 4127 1348 4130 Ἴ

163 4170 269 4206 manum
288 4154 449 4220 imposuisse
468 4154 551 4205 verbo
570 4153 765 4223 ύρματοκτοοον
784 4157 927 4205 accentum
945 4154 973 4203 in
989 4152 1155 4218 paenultima
1173 4151 1290 4216 syllaba,

163 4238 191 4289 id
210 4240 308 4291 falsum
327 4238 434 4291 videtur
454 4255 522 4306 esse,
542 4257 601 4292 oum
620 4244 647 4292 et
665 4241 693 4292 in
713 4243 872 4307 apographo
891 4238 1051 4291 aMerkelio
1071 4237 1197 4287 confecto
1217 4240 1244 4288 at
1263 4238 1290 4288 in

164 4325 290 4378 editionis
303 4326 509 4378 Ritsoheliauae
524 4328 699 4380 adnotatione
713 4327 809 4379 oritiea
822 4325 984 4378 vocabulum
997 4325 1106 4391 legatur
1119 4338 1290 4390 proparoxy·

163 4415 255 4466 tonou.
