3038 5010
229 462 248 522 o
444 406 446 411 ’
751 452 840 535 [144]

228 649 309 714 ende
339 646 439 712 hildet
470 644 535 728 (hei
566 646 653 709 einer
684 641 764 726 τομή
795 642 871 706 oder
894 643 937 706 im
965 641 1163 726 Versende);
1194 643 1245 710 hei
1276 645 1361 710 einer

229 751 488 836 Wortbreehung
509 751 578 815 tritt
601 749 770 832 Dehnung¹
788 747 865 812 ein.“

330 856 402 920 Hac
424 855 496 939 lege
520 859 552 919 ct
573 875 651 918 vera
674 873 825 916 versuum
841 873 906 915 non
921 872 1097 936 paucorum
1112 853 1193 918 ratio
1210 855 1360 939 aperitur,

229 968 260 1027 et
283 960 434 1026 eiciture
464 958 607 1023 doctrina
636 957 766 1023 metrica
796 977 910 1022 versus
940 957 1161 1043 antispasticus
1193 959 1247 1043 qui
1277 959 1361 1023 diee-

228 1064 329 1144 hatur‚
353 1068 385 1127 et
406 1062 579 1126 liberantur
595 1060 744 1145 strophae
760 1058 913 1125 iamhioae
929 1059 1088 1146 farragine
1103 1061 1361 1126 intermixtorum

227 1188 377 1233 versuum
400 1164 808 1253 iambico-trochaicorum,
830 1162 1192 1243 iambico-ereticorum,
1216 1166 1360 1249 aliorum,

226 1272 368 1355 itemque
392 1269 571 1335 trochaicae
595 1269 793 1344 ereticorum,
816 1269 1050 1353 paeonieorum,
1078 1269 1209 1332 aliorum
1240 1271 1295 1351 ita,
1325 1276 1361 1334 ut

227 1376 322 1461 plane
344 1374 520 1459 adstipuler
541 1373 622 1458 legis
646 1371 840 1449 auctoribus,
863 1394 934 1437 eum
959 1395 1029 1438 eam
1058 1375 1090 1438 in
1120 1375 1245 1459 legibus
1276 1376 1361 1458 prin-

228 1478 382 1564 cipalibus
405 1477 544 1542 referant
566 1477 642 1541 artis
665 1475 815 1541 metricae
838 1483 935 1562 atque
964 1477 1008 1542 sic
1033 1478 1253 1563 praedicenr1:
1287 1479 1360 1561 „sie

226 1583 268 1648 ist
291 1581 347 1646 der
363 1579 611 1662 Ariadnefaden,
627 1579 684 1645 der
702 1602 761 1644 uns
775 1601 833 1644 aus
857 1579 928 1646 dem
946 1587 1069 1646 wiisten
1084 1581 1281 1666 Labyrinthe
1305 1583 1361 1646 der

226 1687 446 1771 Antiopastcm
470 1683 718 1763 Jamhoeretici,
742 1682 985 1773 Isehiorrhogiei
1013 1706 1083 1749 zum
1115 1685 1226 1751 klaren
1249 1686 1361 1752 Bliclre

225 1790 258 1854 in
280 1788 332 1856 die
354 1790 516 1855 liehtvolle
540 1789 698 1873 Ordnung
720 1787 786 1853 und
808 1787 936 1853 Einheit
959 1788 1015 1853 der
1039 1787 1176 1874 Strophe
1198 1790 1315 1861 siihrt.“

330 1893 546 1975 Nihilominus
564 1892 650 1957 haud
665 1914 788 1979 paucae
805 1899 976 1977 supersunt
992 1894 1151 1980 strophae,
1168 1894 1208 1959 ad
1225 1916 1361 1979 quarum

225 1997 352 2082 plenam
376 2017 579 2062 numerorum
595 1996 837 2061 continuitatem
853 1995 1082 2060 restituendam
1097 1997 1158 2061 hac
1172 1999 1244 2081 lege
1265 1998 1360 2063 desti·

227 2101 286 2165 tuti
303 2122 374 2165 esse
389 2099 449 2165 sihi
464 2099 653 2164 videbantur
668 2099 712 2163 illi
728 2099 788 2164 viri
803 2098 888 2162 docti
904 2104 1002 2183 atque
1017 2120 1082 2162 non
1097 2121 1191 2184 posse
1206 2122 1270 2165 non
1282 2101 1360 2165 alte-2

225 2225 295 2269 ram
312 2204 418 2287 legem
435 2209 588 2285 statuere,
608 2223 703 2287 quam
720 2201 830 2266 dieunt
843 2202 948 2287 leg‘ern
964 2203 1139 2286 epimixeos
1156 2225 1361 2270 numerorum

226 2306 560 2374 alloeometric.0rum.2
582 2305 627 2370 At
642 2306 742 2373 careri
758 2327 853 2391 posse
869 2305 929 2370 hoo
944 2306 1016 2391 lege
1033 2306 1175 2390 plurimis
1191 2308 1269 2373 locis
1287 2330 1359 2373 eon·

115 2456 121 2465 -
225 2411 389 2489 teuderici,
413 2409 585 2475 dummodo
608 2411 663 2474 illa
685 2410 801 2476 rectius
825 2415 984 2503 statuatur
1007 2431 1101 2494 quarn
1117 2433 1136 2475 a
1151 2413 1233 2496 legis
1248 2420 1358 2478 aucto·

224 2516 311 2581 ribus
335 2525 383 2582 est
406 2517 536 2580 facturn.
574 2515 638 2589 Qui
660 2514 735 2579 mihi
758 2515 789 2578 in
811 2535 848 2578 eo
865 2535 987 2578 errasse
1009 2513 1166 2599 videntur,
1190 2517 1275 2601 quod
1297 2541 1361 2583 non

224 2621 300 2685 satis
314 2627 459 2705 respecto
472 2619 649 2684 discrimine
666 2618 887 2705 rhythmorum
901 2617 1161 2683 descendentium
1177 2627 1209 2684 et
1228 2620 1359 2687 adscen-

225 2724 367 2791 dentium
388 2745 533 2789 normam
556 2723 596 2788 ab
619 2723 673 2788 illo
697 2743 815 2808 genere
836 2721 1012 2788 derivatam
1026 2722 1223 2788 immutatam
1240 2723 1280 2789 ad
1298 2725 1360 2790 hoc

226 2849 354 2914 quoque
392 2827 617 2893 adhibuerunt.
668 2828 840 2893 Praeterea
878 2848 1029 2892 versuum
1062 2828 1147 2892 haud
1185 2851 1360 2916 paucorum

224 2940 370 2998 naturam
395 2931 628 3017 cognovissent,
652 2931 678 2994 si
697 2931 737 2996 de
754 2933 854 2996 altera
869 2951 1030 3016 syncopae
1045 2932 1167 2996 ratione
1185 2934 1361 2998 voluissent

223 3037 403 3101 accuratius
435 3057 604 3122 quaerere,
643 3057 707 3122 qua
737 3036 814 3100 arsis
844 3035 971 3100 sublata
1000 3056 1102 3100 vacuo
1137 3043 1280 3121 tempore
1315 3044 1362 3103 est

225 3147 438 3225 compensata.

327 3245 366 3308 In
376 3244 515 3311 editione
527 3267 603 3312 vero
617 3247 717 3310 altera
728 3245 800 3309 libri
810 3245 850 3310 de
862 3267 897 3310 re
909 3244 1041 3329 metrica
1053 3245 1223 3330 conscripti
1236 3251 1360 3311 tanturn

224 3347 315 3413 abest
338 3348 525 3434 Westphal,
555 3357 591 3414 ut
619 3351 681 3414 hoo
710 3349 808 3414 addat
836 3349 967 3433 eiusque
991 3350 1077 3436 quod
1100 3357 1196 3414 antea
1217 3351 1361 3434 neglexit

223 3453 349 3537 generis
362 3453 533 3539 rhythmici
545 3461 693 3538 respectu
705 3453 815 3518 habito
828 3453 933 3539 legem
950 3453 989 3518 de
1005 3475 1145 3538 syncopa
1160 3455 1357 3539 propositam

223 3557 415 3640 moderetur,
438 3563 474 3621 ut
496 3543 529 3622 in
552 3558 612 3624 hae
627 3579 661 3622 re
676 3579 741 3623 non
756 3563 821 3622 tam
836 3564 980 3623 veterum
996 3557 1246 3643 rhythmicorum
1263 3579 1358 3643 quam

223 3663 428 3726 metricorum
444 3665 617 3748 praecepta
633 3683 703 3728 esse
717 3663 893 3746 premenda
907 3668 1039 3739 statuat,
1055 3662 1195 3747 inprimis
1209 3661 1358 3746 Hephae·

224 3765 344 3831 stionis.
383 3766 540 3840 Quicum
565 3787 674 3832 versus
691 3774 882 3851 syncopatos
904 3772 1104 3851 asynartetos
1126 3766 1274 3852 appellet,
1299 3768 1360 3832 hoo
1418 3824 1421 3832 .

225 3891 342 3935 nomen
365 3890 434 3934 esse
456 3871 683 3954 recipiendum.

328 3973 489 4058 Quidquid
513 3975 553 4040 de
577 3974 826 4060 Hephaestionis
848 3977 880 4040 in
904 3975 998 4040 rebus
1014 3975 1151 4039 metricis
1167 3974 1357 4041 auctoritate

223 4076 390 4160 iudicatur,
412 4098 562 4143 versuum
590 4087 837 4165 syncopetorum
865 4080 996 4145 rationis
1026 4079 1257 4164 ignarissimum
1287 4101 1360 4144 eum

327 4323 337 4358 ¹
357 4322 436 4375 narr.
455 4324 474 4376 1.
493 4325 510 4376 1.
530 4340 557 4390 p.
576 4324 666 4375 xxrr.

327 4408 338 4442 ²
357 4407 435 4461 Matr.
453 4410 471 4460 l.
491 4410 508 4462 l.
527 4426 553 4478 p.
572 4408 639 4464 XIX
659 4412 686 4460 ct
706 4409 768 4463 XX.
