<?xml version="1.0" encoding="UTF-8"?>
<!DOCTYPE html PUBLIC "-//W3C//DTD XHTML 1.0 Transitional//EN"
    "http://www.w3.org/TR/xhtml1/DTD/xhtml1-transitional.dtd">
<html xmlns="http://www.w3.org/1999/xhtml" xml:lang="en" lang="en">
 <head>
  <title>
</title>
<meta http-equiv="Content-Type" content="text/html;charset=utf-8" />
  <meta name='ocr-system' content='tesseract 3.04.00' />
  <meta name='ocr-capabilities' content='ocr_page ocr_carea ocr_par ocr_line ocrx_word'/>
</head>
<body>
  <div class='ocr_page' id='page_1' title='image "./deversumdochmia00pickgoog_0292.png"; bbox 0 0 3038 5010; ppageno 0'>
   <div class='ocr_carea' id='block_1_1' title="bbox 189 323 1417 709">
    <p class='ocr_par' dir='ltr' id='par_1_1' title="bbox 189 323 1417 709">
     <span class='ocr_line' id='line_1_1' title="bbox 781 323 824 386; baseline 0 0"><span class='ocrx_word' id='word_1_1' title='bbox 781 323 824 386; x_wconf 90' lang='grc'><strong>19</strong></span> 
     </span>
     <span class='ocr_line' id='line_1_2' title="bbox 278 535 1417 618; baseline 0.002 -17"><span class='ocrx_word' id='word_1_2' title='bbox 278 537 323 602; x_wconf 89' lang='lat' dir='ltr'><strong>At</strong></span> <span class='ocrx_word' id='word_1_3' title='bbox 347 535 422 602; x_wconf 87' lang='lat' dir='ltr'><strong>aliis</strong></span> <span class='ocrx_word' id='word_1_4' title='bbox 446 555 560 603; x_wconf 91' lang='lat' dir='ltr'><strong>versus</strong></span> <span class='ocrx_word' id='word_1_5' title='bbox 584 535 667 601; x_wconf 89' lang='lat' dir='ltr'><strong>locis</strong></span> <span class='ocrx_word' id='word_1_6' title='bbox 690 542 808 618; x_wconf 90' lang='lat' dir='ltr'><strong>poetae</strong></span> <span class='ocrx_word' id='word_1_7' title='bbox 836 542 974 616; x_wconf 89' lang='lat' dir='ltr'><strong>utraque</strong></span> <span class='ocrx_word' id='word_1_8' title='bbox 999 536 1107 601; x_wconf 85' lang='lat' dir='ltr'><strong>forma</strong></span> <span class='ocrx_word' id='word_1_9' title='bbox 1130 536 1201 602; x_wconf 92' lang='lat' dir='ltr'><strong>sine</strong></span> <span class='ocrx_word' id='word_1_10' title='bbox 1225 536 1417 603; x_wconf 81' lang='lat' dir='ltr'><strong>discrimine</strong></span> 
     </span>
     <span class='ocr_line' id='line_1_3' title="bbox 189 649 335 709; baseline 0 0"><span class='ocrx_word' id='word_1_11' title='bbox 189 649 335 709; x_wconf 87' lang='lat' dir='ltr'><strong>utuntur.</strong></span> 
     </span>
    </p>
   </div>
   <div class='ocr_carea' id='block_1_2' title="bbox 612 787 990 854">
    <p class='ocr_par' dir='ltr' id='par_1_2' title="bbox 612 787 990 854">
     <span class='ocr_line' id='line_1_4' title="bbox 612 787 990 854; baseline 0.005 -3"><span class='ocrx_word' id='word_1_12' title='bbox 612 789 641 852; x_wconf 92' lang='grc'><strong>2.</strong></span> <span class='ocrx_word' id='word_1_13' title='bbox 673 788 731 853; x_wconf 90' lang='lat' dir='ltr'><strong>De</strong></span> <span class='ocrx_word' id='word_1_14' title='bbox 760 787 990 854; x_wconf 77' lang='lat' dir='ltr'><strong>adverbiis.</strong></span> 
     </span>
    </p>
   </div>
   <div class='ocr_carea' id='block_1_3' title="bbox 189 930 1416 1119">
    <p class='ocr_par' dir='ltr' id='par_1_3' title="bbox 189 930 1416 1119">
     <span class='ocr_line' id='line_1_5' title="bbox 279 930 1416 1011; baseline 0.002 -16"><span class='ocrx_word' id='word_1_15' title='bbox 279 931 329 995; x_wconf 92' lang='grc'>32.</span> <span class='ocrx_word' id='word_1_16' title='bbox 362 930 474 994; x_wconf 79' lang='lat' dir='ltr'><strong>Etiam</strong></span> <span class='ocrx_word' id='word_1_17' title='bbox 502 930 537 994; x_wconf 93' lang='lat' dir='ltr'><strong>in</strong></span> <span class='ocrx_word' id='word_1_18' title='bbox 562 931 729 997; x_wconf 80' lang='lat' dir='ltr'><strong>adverbiis</strong></span> <span class='ocrx_word' id='word_1_19' title='bbox 754 934 965 997; x_wconf 90' lang='lat' dir='ltr'><strong>observamus</strong></span> <span class='ocrx_word' id='word_1_20' title='bbox 994 949 1093 1011; x_wconf 83' lang='lat' dir='ltr'><strong>saepe</strong></span> <span class='ocrx_word' id='word_1_21' title='bbox 1117 930 1267 996; x_wconf 90' lang='lat' dir='ltr'><strong>diversas</strong></span> <span class='ocrx_word' id='word_1_22' title='bbox 1292 930 1416 997; x_wconf 88' lang='lat' dir='ltr'><strong>formas</strong></span> 
     </span>
     <span class='ocr_line' id='line_1_6' title="bbox 189 1037 970 1119; baseline 0 -17"><span class='ocrx_word' id='word_1_23' title='bbox 189 1037 357 1102; x_wconf 89' lang='lat' dir='ltr'><strong>adhibitas</strong></span> <span class='ocrx_word' id='word_1_24' title='bbox 382 1056 462 1118; x_wconf 91' lang='lat' dir='ltr'><strong>esse,</strong></span> <span class='ocrx_word' id='word_1_25' title='bbox 488 1042 586 1119; x_wconf 88' lang='lat' dir='ltr'><strong>prout</strong></span> <span class='ocrx_word' id='word_1_26' title='bbox 609 1043 747 1103; x_wconf 91' lang='lat' dir='ltr'><strong>metrum</strong></span> <span class='ocrx_word' id='word_1_27' title='bbox 772 1038 970 1119; x_wconf 90' lang='lat' dir='ltr'><strong>postulabat.</strong></span> 
     </span>
    </p>
   </div>
   <div class='ocr_carea' id='block_1_4' title="bbox 189 1159 1419 2983">
    <p class='ocr_par' dir='ltr' id='par_1_4' title="bbox 189 1159 1419 2530">
     <span class='ocr_line' id='line_1_7' title="bbox 280 1159 1418 1250; baseline 0.001 -24"><span class='ocrx_word' id='word_1_28' title='bbox 280 1163 442 1244; x_wconf 78' lang='lat' dir='ltr'><strong>Quattuor</strong></span> <span class='ocrx_word' id='word_1_29' title='bbox 474 1164 599 1227; x_wconf 87' lang='lat' dir='ltr'><strong>formae</strong></span> <span class='ocrx_word' id='word_1_30' title='bbox 632 1163 782 1228; x_wconf 89' lang='lat' dir='ltr'><strong>adverbii</strong></span> <span class='ocrx_word' id='word_1_31' title='bbox 817 1165 978 1250; x_wconf 79' lang='grc' dir='ltr'>πρῶτον,</span> <span class='ocrx_word' id='word_1_32' title='bbox 1012 1165 1154 1250; x_wconf 75' lang='grc' dir='ltr'>πρῶτα,</span> <span class='ocrx_word' id='word_1_33' title='bbox 1187 1159 1418 1250; x_wconf 79' lang='grc' dir='ltr'><strong><em>πρώτιστον,</em></strong></span> 
     </span>
     <span class='ocr_line' id='line_1_8' title="bbox 189 1266 1418 1355; baseline 0.001 -21"><span class='ocrx_word' id='word_1_34' title='bbox 189 1266 384 1355; x_wconf 71' lang='lat' dir='ltr'><strong>audranno</strong></span> <span class='ocrx_word' id='word_1_35' title='bbox 423 1271 510 1350; x_wconf 90' lang='lat' dir='ltr'><strong>apud</strong></span> <span class='ocrx_word' id='word_1_36' title='bbox 544 1269 798 1351; x_wconf 83' lang='lat' dir='ltr'><strong>Aristophanem</strong></span> <span class='ocrx_word' id='word_1_37' title='bbox 837 1270 1065 1339; x_wconf 80' lang='lat' dir='ltr'><strong>inveniuntur.</strong></span> <span class='ocrx_word' id='word_1_38' title='bbox 1106 1290 1243 1350; x_wconf 91' lang='lat' dir='ltr'><strong>quarum</strong></span> <span class='ocrx_word' id='word_1_39' title='bbox 1278 1271 1418 1351; x_wconf 86' lang='lat' dir='ltr'><strong>primam</strong></span> 
     </span>
     <span class='ocr_line' id='line_1_9' title="bbox 190 1376 1419 1465; baseline 0.002 -24"><span class='ocrx_word' id='word_1_40' title='bbox 190 1379 336 1465; x_wconf 76' lang='grc' dir='ltr'><em>πρῶτον</em></span> <span class='ocrx_word' id='word_1_41' title='bbox 364 1377 615 1442; x_wconf 87' lang='lat' dir='ltr'><strong>usitatissimam</strong></span> <span class='ocrx_word' id='word_1_42' title='bbox 640 1378 743 1442; x_wconf 88' lang='lat' dir='ltr'><strong>fuisse</strong></span> <span class='ocrx_word' id='word_1_43' title='bbox 766 1376 820 1444; x_wconf 93' lang='lat' dir='ltr'><strong>vel</strong></span> <span class='ocrx_word' id='word_1_44' title='bbox 844 1377 919 1441; x_wconf 89' lang='lat' dir='ltr'><strong>inde</strong></span> <span class='ocrx_word' id='word_1_45' title='bbox 944 1377 1186 1463; x_wconf 81' lang='lat' dir='ltr'><strong>cognoscimus,</strong></span> <span class='ocrx_word' id='word_1_46' title='bbox 1212 1379 1298 1458; x_wconf 91' lang='lat' dir='ltr'><strong>quod</strong></span> <span class='ocrx_word' id='word_1_47' title='bbox 1321 1378 1419 1460; x_wconf 84' lang='lat' dir='ltr'><strong>longe</strong></span> 
     </span>
     <span class='ocr_line' id='line_1_10' title="bbox 190 1484 1418 1565; baseline 0 -16"><span class='ocrx_word' id='word_1_48' title='bbox 190 1484 383 1565; x_wconf 89' lang='lat' dir='ltr'><strong>saepissime</strong></span> <span class='ocrx_word' id='word_1_49' title='bbox 407 1484 441 1548; x_wconf 93' lang='grc'><strong>111</strong></span> <span class='ocrx_word' id='word_1_50' title='bbox 463 1485 530 1549; x_wconf 90' lang='lat' dir='ltr'><strong>eius</strong></span> <span class='ocrx_word' id='word_1_51' title='bbox 555 1485 731 1549; x_wconf 90' lang='lat' dir='ltr'><strong>comoediis</strong></span> <span class='ocrx_word' id='word_1_52' title='bbox 750 1489 860 1549; x_wconf 83' lang='lat' dir='ltr'><strong>exstat</strong></span> <span class='ocrx_word' id='word_1_53' title='bbox 882 1484 980 1564; x_wconf 92' lang='lat' dir='ltr'><strong>idque</strong></span> <span class='ocrx_word' id='word_1_54' title='bbox 997 1484 1096 1549; x_wconf 87' lang='lat' dir='ltr'><strong>etiam</strong></span> <span class='ocrx_word' id='word_1_55' title='bbox 1122 1485 1178 1565; x_wconf 93' lang='lat' dir='ltr'><strong>ibi,</strong></span> <span class='ocrx_word' id='word_1_56' title='bbox 1204 1485 1260 1549; x_wconf 91' lang='lat' dir='ltr'><strong>ubi</strong></span> <span class='ocrx_word' id='word_1_57' title='bbox 1280 1491 1418 1550; x_wconf 91' lang='lat' dir='ltr'><strong>metrum</strong></span> 
     </span>
     <span class='ocr_line' id='line_1_11' title="bbox 190 1591 1417 1673; baseline 0.002 -18"><span class='ocrx_word' id='word_1_58' title='bbox 190 1592 328 1655; x_wconf 89' lang='lat' dir='ltr'><strong>alteram</strong></span> <span class='ocrx_word' id='word_1_59' title='bbox 362 1609 488 1670; x_wconf 91' lang='lat' dir='ltr'><strong>quoque</strong></span> <span class='ocrx_word' id='word_1_60' title='bbox 521 1591 658 1656; x_wconf 88' lang='lat' dir='ltr'><strong>formam</strong></span> <span class='ocrx_word' id='word_1_61' title='bbox 691 1593 880 1656; x_wconf 88' lang='lat' dir='ltr'><strong>admitteret</strong></span> <span class='ocrx_word' id='word_1_62' title='bbox 913 1592 1003 1657; x_wconf 86' lang='lat' dir='ltr'><strong>velut</strong></span> <span class='ocrx_word' id='word_1_63' title='bbox 1035 1592 1115 1656; x_wconf 82' lang='lat' dir='ltr'><strong>Aah.</strong></span> <span class='ocrx_word' id='word_1_64' title='bbox 1134 1592 1209 1672; x_wconf 85' lang='lat'><strong>383,</strong></span> <span class='ocrx_word' id='word_1_65' title='bbox 1239 1591 1323 1671; x_wconf 77' lang='lat' dir='ltr'><strong>quu.</strong></span> <span class='ocrx_word' id='word_1_66' title='bbox 1341 1593 1417 1673; x_wconf 84' lang='lat'><strong>488,</strong></span> 
     </span>
     <span class='ocr_line' id='line_1_12' title="bbox 189 1698 1417 1779; baseline -0.001 -16"><span class='ocrx_word' id='word_1_67' title='bbox 189 1698 273 1763; x_wconf 88' lang='lat' dir='ltr'><strong>Nub.</strong></span> <span class='ocrx_word' id='word_1_68' title='bbox 293 1699 366 1779; x_wconf 89' lang='grc'>247,</span> <span class='ocrx_word' id='word_1_69' title='bbox 402 1699 478 1763; x_wconf 89' lang='grc' dir='ltr'>Ρ55.</span> <span class='ocrx_word' id='word_1_70' title='bbox 498 1698 572 1779; x_wconf 89' lang='grc'>560,</span> <span class='ocrx_word' id='word_1_71' title='bbox 606 1699 667 1763; x_wconf 89' lang='lat' dir='ltr'><strong>Av.</strong></span> <span class='ocrx_word' id='word_1_72' title='bbox 689 1699 783 1779; x_wconf 88' lang='grc'>1330,</span> <span class='ocrx_word' id='word_1_73' title='bbox 821 1698 1032 1763; x_wconf 75' lang='grc'>7115311380</span> <span class='ocrx_word' id='word_1_74' title='bbox 1068 1698 1180 1763; x_wconf 82' lang='lat' dir='ltr'><strong>multis</strong></span> <span class='ocrx_word' id='word_1_75' title='bbox 1216 1698 1293 1763; x_wconf 92' lang='lat' dir='ltr'><strong>aliis</strong></span> <span class='ocrx_word' id='word_1_76' title='bbox 1326 1698 1417 1765; x_wconf 92' lang='lat' dir='ltr'><strong>locis.</strong></span> 
     </span>
     <span class='ocr_line' id='line_1_13' title="bbox 190 1805 1418 1893; baseline 0.001 -24"><span class='ocrx_word' id='word_1_77' title='bbox 190 1806 235 1869; x_wconf 88' lang='lat' dir='ltr'><strong>At</strong></span> <span class='ocrx_word' id='word_1_78' title='bbox 264 1805 361 1869; x_wconf 90' lang='lat' dir='ltr'><strong>metri</strong></span> <span class='ocrx_word' id='word_1_79' title='bbox 393 1825 493 1870; x_wconf 92' lang='lat' dir='ltr'><strong>causa</strong></span> <span class='ocrx_word' id='word_1_80' title='bbox 520 1805 694 1886; x_wconf 90' lang='lat' dir='ltr'><strong>permultis</strong></span> <span class='ocrx_word' id='word_1_81' title='bbox 717 1805 799 1871; x_wconf 92' lang='lat' dir='ltr'><strong>locis</strong></span> <span class='ocrx_word' id='word_1_82' title='bbox 832 1808 958 1893; x_wconf 73' lang='grc'>1155155</span> <span class='ocrx_word' id='word_1_83' title='bbox 988 1806 1099 1887; x_wconf 89' lang='lat' dir='ltr'><strong>posuit</strong></span> <span class='ocrx_word' id='word_1_84' title='bbox 1123 1805 1214 1871; x_wconf 91' lang='lat' dir='ltr'><strong>velut</strong></span> <span class='ocrx_word' id='word_1_85' title='bbox 1243 1805 1323 1870; x_wconf 87' lang='lat' dir='ltr'><strong>Ach.</strong></span> <span class='ocrx_word' id='word_1_86' title='bbox 1343 1805 1418 1887; x_wconf 88' lang='grc'>648,</span> 
     </span>
     <span class='ocr_line' id='line_1_14' title="bbox 190 1911 1419 1994; baseline -0.001 -17"><span class='ocrx_word' id='word_1_87' title='bbox 190 1913 264 1994; x_wconf 92' lang='grc'>995,</span> <span class='ocrx_word' id='word_1_88' title='bbox 289 1913 373 1992; x_wconf 84' lang='grc' dir='ltr'>Ε511.</span> <span class='ocrx_word' id='word_1_89' title='bbox 390 1914 462 1994; x_wconf 92' lang='grc'>129,</span> <span class='ocrx_word' id='word_1_90' title='bbox 482 1913 554 1993; x_wconf 94' lang='grc'>155,</span> <span class='ocrx_word' id='word_1_91' title='bbox 573 1913 647 1993; x_wconf 90' lang='grc'>339,</span> <span class='ocrx_word' id='word_1_92' title='bbox 666 1913 740 1994; x_wconf 92' lang='grc'>542,</span> <span class='ocrx_word' id='word_1_93' title='bbox 760 1914 833 1993; x_wconf 89' lang='grc'>774,</span> <span class='ocrx_word' id='word_1_94' title='bbox 849 1914 913 1976; x_wconf 91' lang='grc'><strong>779</strong></span> <span class='ocrx_word' id='word_1_95' title='bbox 938 1917 998 1977; x_wconf 89' lang='lat' dir='ltr'><strong>etc.</strong></span> <span class='ocrx_word' id='word_1_96' title='bbox 1043 1911 1134 1993; x_wconf 77' lang='lat' dir='ltr'><strong>Quae</strong></span> <span class='ocrx_word' id='word_1_97' title='bbox 1157 1932 1211 1977; x_wconf 92' lang='lat' dir='ltr'><strong>res</strong></span> <span class='ocrx_word' id='word_1_98' title='bbox 1235 1931 1355 1993; x_wconf 83' lang='lat' dir='ltr'><strong>magna</strong></span> <span class='ocrx_word' id='word_1_99' title='bbox 1379 1931 1419 1976; x_wconf 88' lang='lat' dir='ltr'><strong>ex</strong></span> 
     </span>
     <span class='ocr_line' id='line_1_15' title="bbox 190 2019 1418 2101; baseline -0.001 -17"><span class='ocrx_word' id='word_1_100' title='bbox 190 2025 283 2101; x_wconf 95' lang='grc'>55115</span> <span class='ocrx_word' id='word_1_101' title='bbox 308 2020 383 2084; x_wconf 89' lang='lat' dir='ltr'><strong>inde</strong></span> <span class='ocrx_word' id='word_1_102' title='bbox 408 2019 570 2101; x_wconf 86' lang='lat' dir='ltr'><strong>explicari</strong></span> <span class='ocrx_word' id='word_1_103' title='bbox 594 2026 711 2100; x_wconf 88' lang='lat' dir='ltr'><strong>potest,</strong></span> <span class='ocrx_word' id='word_1_104' title='bbox 737 2021 822 2099; x_wconf 92' lang='lat' dir='ltr'><strong>quod</strong></span> <span class='ocrx_word' id='word_1_105' title='bbox 843 2019 1038 2101; x_wconf 89' lang='lat' dir='ltr'><strong>saepissime</strong></span> <span class='ocrx_word' id='word_1_106' title='bbox 1059 2019 1250 2084; x_wconf 86' lang='lat' dir='ltr'><strong>adverbium</strong></span> <span class='ocrx_word' id='word_1_107' title='bbox 1272 2026 1418 2083; x_wconf 90' lang='lat' dir='ltr'><strong>nostrum</strong></span> 
     </span>
     <span class='ocr_line' id='line_1_16' title="bbox 190 2125 1419 2213; baseline -0.002 -22"><span class='ocrx_word' id='word_1_108' title='bbox 190 2147 262 2191; x_wconf 92' lang='lat' dir='ltr'><strong>cum</strong></span> <span class='ocrx_word' id='word_1_109' title='bbox 285 2127 450 2207; x_wconf 85' lang='lat' dir='ltr'><strong>particula</strong></span> <span class='ocrx_word' id='word_1_110' title='bbox 473 2125 542 2209; x_wconf 82' lang='grc' dir='ltr'><strong>μέν</strong></span> <span class='ocrx_word' id='word_1_111' title='bbox 566 2127 714 2206; x_wconf 87' lang='lat' dir='ltr'><strong>sequenti</strong></span> <span class='ocrx_word' id='word_1_112' title='bbox 739 2127 946 2191; x_wconf 91' lang='lat' dir='ltr'><strong>coniunctum</strong></span> <span class='ocrx_word' id='word_1_113' title='bbox 971 2133 1029 2191; x_wconf 92' lang='lat' dir='ltr'><strong>est.</strong></span> <span class='ocrx_word' id='word_1_114' title='bbox 1070 2126 1150 2191; x_wconf 86' lang='grc'>011111</span> <span class='ocrx_word' id='word_1_115' title='bbox 1172 2126 1275 2207; x_wconf 78' lang='lat' dir='ltr'><strong>igitur</strong></span> <span class='ocrx_word' id='word_1_116' title='bbox 1291 2128 1419 2213; x_wconf 78' lang='grc' dir='ltr'><em>πρῶτα</em></span> 
     </span>
     <span class='ocr_line' id='line_1_17' title="bbox 190 2232 1419 2317; baseline -0.001 -19"><span class='ocrx_word' id='word_1_117' title='bbox 190 2232 250 2317; x_wconf 82' lang='grc' dir='ltr'><strong>μέν</strong></span> <span class='ocrx_word' id='word_1_118' title='bbox 274 2240 312 2312; x_wconf 82' lang='lat'><strong>(-</strong></span> <span class='ocrx_word' id='word_1_119' title='bbox 328 2269 353 2284; x_wconf 55' lang='grc' dir='ltr'><strong><em>υ</em></strong></span> <span class='ocrx_word' id='word_1_120' title='bbox 369 2240 412 2311; x_wconf 67' lang='lat' dir='ltr'><strong>v)</strong></span> <span class='ocrx_word' id='word_1_121' title='bbox 437 2234 553 2299; x_wconf 88' lang='lat' dir='ltr'><strong>melius</strong></span> <span class='ocrx_word' id='word_1_122' title='bbox 578 2233 718 2298; x_wconf 89' lang='lat' dir='ltr'><strong>iambico</strong></span> <span class='ocrx_word' id='word_1_123' title='bbox 743 2241 776 2298; x_wconf 90' lang='grc'><strong>51</strong></span> <span class='ocrx_word' id='word_1_124' title='bbox 799 2233 967 2298; x_wconf 88' lang='grc'>1155115155</span> <span class='ocrx_word' id='word_1_125' title='bbox 992 2238 1094 2297; x_wconf 90' lang='lat' dir='ltr'><strong>metro</strong></span> <span class='ocrx_word' id='word_1_126' title='bbox 1117 2233 1419 2297; x_wconf 87' lang='lat' dir='ltr'><strong>accommodaretur</strong></span> 
     </span>
     <span class='ocr_line' id='line_1_18' title="bbox 192 2337 1419 2429; baseline -0.002 -24"><span class='ocrx_word' id='word_1_127' title='bbox 192 2360 288 2421; x_wconf 91' lang='lat' dir='ltr'><strong>quam</strong></span> <span class='ocrx_word' id='word_1_128' title='bbox 311 2343 456 2429; x_wconf 77' lang='grc' dir='ltr'><em>πρῶτον</em></span> <span class='ocrx_word' id='word_1_129' title='bbox 478 2337 539 2423; x_wconf 78' lang='grc' dir='ltr'><strong>μὲν</strong></span> <span class='ocrx_word' id='word_1_130' title='bbox 567 2340 605 2424; x_wconf 87' lang='lat'><strong>(—</strong></span> <span class='ocrx_word' id='word_1_131' title='bbox 622 2382 647 2388; x_wconf 78' lang='lat'><em>-</em></span> <span class='ocrx_word' id='word_1_132' title='bbox 663 2347 718 2419; x_wconf 70' lang='grc' dir='ltr'><strong>τ),</strong></span> <span class='ocrx_word' id='word_1_133' title='bbox 748 2341 892 2421; x_wconf 90' lang='lat' dir='ltr'><strong>priorem</strong></span> <span class='ocrx_word' id='word_1_134' title='bbox 918 2339 1056 2404; x_wconf 91' lang='lat' dir='ltr'><strong>formam</strong></span> <span class='ocrx_word' id='word_1_135' title='bbox 1081 2339 1181 2404; x_wconf 91' lang='lat' dir='ltr'><strong>etiam</strong></span> <span class='ocrx_word' id='word_1_136' title='bbox 1205 2339 1337 2420; x_wconf 89' lang='lat' dir='ltr'><strong>saepius</strong></span> <span class='ocrx_word' id='word_1_137' title='bbox 1361 2339 1419 2403; x_wconf 94' lang='lat' dir='ltr'><strong>ad-</strong></span> 
     </span>
     <span class='ocr_line' id='line_1_19' title="bbox 190 2447 1096 2530; baseline -0.002 -19"><span class='ocrx_word' id='word_1_138' title='bbox 190 2448 307 2530; x_wconf 83' lang='lat' dir='ltr'><strong>hibuit,</strong></span> <span class='ocrx_word' id='word_1_139' title='bbox 339 2455 375 2512; x_wconf 88' lang='lat' dir='ltr'><strong>ut</strong></span> <span class='ocrx_word' id='word_1_140' title='bbox 398 2468 438 2512; x_wconf 86' lang='lat' dir='ltr'><strong>ex</strong></span> <span class='ocrx_word' id='word_1_141' title='bbox 462 2448 611 2527; x_wconf 89' lang='lat' dir='ltr'><strong>sequenti</strong></span> <span class='ocrx_word' id='word_1_142' title='bbox 635 2447 879 2513; x_wconf 90' lang='lat' dir='ltr'><strong>enumeratione</strong></span> <span class='ocrx_word' id='word_1_143' title='bbox 903 2447 1096 2528; x_wconf 81' lang='lat' dir='ltr'><strong>intelleges:</strong></span> 
     </span>
    </p>

    <p class='ocr_par' dir='ltr' id='par_1_5' title="bbox 350 2572 881 2661">
     <span class='ocr_line' id='line_1_20' title="bbox 350 2572 881 2661; baseline 0 -24"><span class='ocrx_word' id='word_1_144' title='bbox 350 2575 495 2661; x_wconf 76' lang='grc' dir='ltr'><strong><em>πρῶτον</em></strong></span> <span class='ocrx_word' id='word_1_145' title='bbox 526 2574 630 2637; x_wconf 88' lang='grc'>3515111</span> <span class='ocrx_word' id='word_1_146' title='bbox 655 2572 881 2653; x_wconf 80' lang='lat' dir='ltr'><strong>quinquagies,</strong></span> 
     </span>
    </p>

    <p class='ocr_par' dir='ltr' id='par_1_6' title="bbox 350 2678 847 2766">
     <span class='ocr_line' id='line_1_21' title="bbox 350 2678 847 2766; baseline -0.002 -22"><span class='ocrx_word' id='word_1_147' title='bbox 350 2678 580 2766; x_wconf 77' lang='grc' dir='ltr'><strong><em>πρῶτονμὲν</em></strong></span> <span class='ocrx_word' id='word_1_148' title='bbox 611 2679 713 2745; x_wconf 90' lang='lat' dir='ltr'><strong>vicies</strong></span> <span class='ocrx_word' id='word_1_149' title='bbox 738 2678 847 2760; x_wconf 91' lang='lat' dir='ltr'><strong>semel,</strong></span> 
     </span>
    </p>

    <p class='ocr_par' dir='ltr' id='par_1_7' title="bbox 350 2786 1323 2983">
     <span class='ocr_line' id='line_1_22' title="bbox 352 2786 1323 2873; baseline -0.002 -20"><span class='ocrx_word' id='word_1_150' title='bbox 352 2790 534 2873; x_wconf 74' lang='grc'>51115515</span> <span class='ocrx_word' id='word_1_151' title='bbox 559 2789 662 2852; x_wconf 83' lang='lat' dir='ltr'><strong>solum</strong></span> <span class='ocrx_word' id='word_1_152' title='bbox 686 2787 861 2868; x_wconf 87' lang='lat' dir='ltr'><strong>positionis</strong></span> <span class='ocrx_word' id='word_1_153' title='bbox 886 2787 1061 2853; x_wconf 89' lang='lat' dir='ltr'><strong>evitandae</strong></span> <span class='ocrx_word' id='word_1_154' title='bbox 1086 2805 1186 2852; x_wconf 90' lang='lat' dir='ltr'><strong>causa</strong></span> <span class='ocrx_word' id='word_1_155' title='bbox 1209 2786 1323 2867; x_wconf 89' lang='lat' dir='ltr'><strong>vicies,</strong></span> 
     </span>
     <span class='ocr_line' id='line_1_23' title="bbox 350 2892 1012 2983; baseline -0.003 -24"><span class='ocrx_word' id='word_1_156' title='bbox 350 2897 475 2983; x_wconf 76' lang='grc' dir='ltr'><em>πρῶτα</em></span> <span class='ocrx_word' id='word_1_157' title='bbox 499 2892 559 2976; x_wconf 78' lang='grc' dir='ltr'><strong>μέν</strong></span> <span class='ocrx_word' id='word_1_158' title='bbox 582 2895 685 2983; x_wconf 89' lang='lat' dir='ltr'><strong>vicies</strong></span> <span class='ocrx_word' id='word_1_159' title='bbox 709 2894 812 2958; x_wconf 89' lang='lat' dir='ltr'><strong>octies</strong></span> <span class='ocrx_word' id='word_1_160' title='bbox 836 2893 1012 2959; x_wconf 89' lang='lat' dir='ltr'><strong>invenitur.</strong></span> 
     </span>
    </p>
   </div>
   <div class='ocr_carea' id='block_1_5' title="bbox 191 3035 1418 3568">
    <p class='ocr_par' dir='ltr' id='par_1_8' title="bbox 191 3035 1418 3337">
     <span class='ocr_line' id='line_1_24' title="bbox 279 3035 1418 3118; baseline -0.005 -14"><span class='ocrx_word' id='word_1_161' title='bbox 279 3040 352 3104; x_wconf 92' lang='lat' dir='ltr'><strong>Duo</strong></span> <span class='ocrx_word' id='word_1_162' title='bbox 386 3044 512 3103; x_wconf 89' lang='lat' dir='ltr'><strong>tantum</strong></span> <span class='ocrx_word' id='word_1_163' title='bbox 545 3038 609 3102; x_wconf 89' lang='lat' dir='ltr'><strong>loci</strong></span> <span class='ocrx_word' id='word_1_164' title='bbox 641 3038 693 3102; x_wconf 93' lang='lat' dir='ltr'><strong>his</strong></span> <span class='ocrx_word' id='word_1_165' title='bbox 727 3040 873 3118; x_wconf 88' lang='lat' dir='ltr'><strong>obstant,</strong></span> <span class='ocrx_word' id='word_1_166' title='bbox 908 3038 964 3101; x_wconf 93' lang='lat' dir='ltr'><strong>ubi</strong></span> <span class='ocrx_word' id='word_1_167' title='bbox 997 3041 1132 3118; x_wconf 90' lang='grc'>5155151</span> <span class='ocrx_word' id='word_1_168' title='bbox 1164 3035 1283 3117; x_wconf 80' lang='lat' dir='ltr'><strong>legem,</strong></span> <span class='ocrx_word' id='word_1_169' title='bbox 1321 3054 1418 3114; x_wconf 92' lang='lat' dir='ltr'><strong>quam</strong></span> 
     </span>
     <span class='ocr_line' id='line_1_25' title="bbox 191 3142 1418 3226; baseline -0.004 -16"><span class='ocrx_word' id='word_1_170' title='bbox 191 3145 329 3210; x_wconf 87' lang='lat' dir='ltr'><strong>dicimus</strong></span> <span class='ocrx_word' id='word_1_171' title='bbox 353 3145 601 3226; x_wconf 91' lang='lat' dir='ltr'><strong>Porsonianam,</strong></span> <span class='ocrx_word' id='word_1_172' title='bbox 627 3165 822 3224; x_wconf 89' lang='lat' dir='ltr'><strong>quamquam</strong></span> <span class='ocrx_word' id='word_1_173' title='bbox 846 3144 880 3208; x_wconf 93' lang='lat' dir='ltr'><strong>in</strong></span> <span class='ocrx_word' id='word_1_174' title='bbox 905 3145 1092 3209; x_wconf 85' lang='lat' dir='ltr'><strong>universum</strong></span> <span class='ocrx_word' id='word_1_175' title='bbox 1118 3142 1233 3208; x_wconf 88' lang='lat' dir='ltr'><strong>comici</strong></span> <span class='ocrx_word' id='word_1_176' title='bbox 1258 3161 1329 3206; x_wconf 88' lang='lat' dir='ltr'><strong>eam</strong></span> <span class='ocrx_word' id='word_1_177' title='bbox 1353 3161 1418 3207; x_wconf 89' lang='lat' dir='ltr'><strong>non</strong></span> 
     </span>
     <span class='ocr_line' id='line_1_26' title="bbox 193 3249 1379 3337; baseline -0.004 -20"><span class='ocrx_word' id='word_1_178' title='bbox 193 3260 417 3334; x_wconf 85' lang='lat' dir='ltr'><strong>respexerunt,</strong></span> <span class='ocrx_word' id='word_1_179' title='bbox 442 3253 681 3333; x_wconf 82' lang='lat' dir='ltr'><strong>Aristophanes</strong></span> <span class='ocrx_word' id='word_1_180' title='bbox 707 3251 846 3316; x_wconf 85' lang='lat' dir='ltr'><strong>formam</strong></span> <span class='ocrx_word' id='word_1_181' title='bbox 869 3254 986 3337; x_wconf 73' lang='grc'>555115</span> <span class='ocrx_word' id='word_1_182' title='bbox 1010 3250 1141 3316; x_wconf 85' lang='lat' dir='ltr'><strong>videtur</strong></span> <span class='ocrx_word' id='word_1_183' title='bbox 1164 3249 1379 3331; x_wconf 87' lang='lat' dir='ltr'><strong>praetulisse:</strong></span> 
     </span>
    </p>

    <p class='ocr_par' dir='ltr' id='par_1_9' title="bbox 279 3371 1387 3464">
     <span class='ocr_line' id='line_1_27' title="bbox 279 3371 1387 3464; baseline -0.003 -22"><span class='ocrx_word' id='word_1_184' title='bbox 279 3379 363 3457; x_wconf 79' lang='lat' dir='ltr'><strong>Equ</strong></span> <span class='ocrx_word' id='word_1_185' title='bbox 382 3380 456 3442; x_wconf 78' lang='grc'>275.</span> <span class='ocrx_word' id='word_1_186' title='bbox 489 3374 559 3441; x_wconf 68' lang='grc' dir='ltr'><strong>ἄλλ’</strong></span> <span class='ocrx_word' id='word_1_187' title='bbox 583 3374 644 3461; x_wconf 77' lang='grc' dir='ltr'><strong>ἐγώ</strong></span> <span class='ocrx_word' id='word_1_188' title='bbox 669 3401 705 3443; x_wconf 83' lang='lat' dir='ltr'><strong>oe</strong></span> <span class='ocrx_word' id='word_1_189' title='bbox 728 3381 767 3464; x_wconf 70' lang='grc' dir='ltr'><strong>τῇ</strong></span> <span class='ocrx_word' id='word_1_190' title='bbox 790 3380 852 3463; x_wconf 70' lang='grc' dir='ltr'><strong>βοῇ</strong></span> <span class='ocrx_word' id='word_1_191' title='bbox 875 3373 977 3462; x_wconf 68' lang='grc' dir='ltr'><em>ταύτῃ</em></span> <span class='ocrx_word' id='word_1_192' title='bbox 1001 3397 1036 3459; x_wconf 69' lang='grc' dir='ltr'><strong>γε</strong></span> <span class='ocrx_word' id='word_1_193' title='bbox 1058 3378 1184 3462; x_wconf 64' lang='lat' dir='ltr'><strong>nocito</strong></span> <span class='ocrx_word' id='word_1_194' title='bbox 1208 3371 1387 3461; x_wconf 73' lang='grc' dir='ltr'><strong><em>τρέψομαι.</em></strong></span> 
     </span>
    </p>

    <p class='ocr_par' dir='ltr' id='par_1_10' title="bbox 282 3479 1248 3568">
     <span class='ocr_line' id='line_1_28' title="bbox 282 3479 1248 3568; baseline -0.004 -18"><span class='ocrx_word' id='word_1_195' title='bbox 282 3485 469 3566; x_wconf 67' lang='grc'>17535862.</span> <span class='ocrx_word' id='word_1_196' title='bbox 503 3482 593 3559; x_wconf 77' lang='grc' dir='ltr'><em>ὅπως</em></span> <span class='ocrx_word' id='word_1_197' title='bbox 617 3479 656 3548; x_wconf 83' lang='grc' dir='ltr'><strong>ἂν</strong></span> <span class='ocrx_word' id='word_1_198' title='bbox 680 3481 877 3567; x_wconf 64' lang='grc' dir='ltr'><em>εὐξώμεσθα</em></span> <span class='ocrx_word' id='word_1_199' title='bbox 901 3487 1026 3568; x_wconf 73' lang='lat' dir='ltr'><strong>moedau</strong></span> <span class='ocrx_word' id='word_1_200' title='bbox 1049 3487 1120 3556; x_wconf 71' lang='grc' dir='ltr'><strong><em>τοῖς</em></strong></span> <span class='ocrx_word' id='word_1_201' title='bbox 1143 3486 1248 3555; x_wconf 67' lang='grc' dir='ltr'><em>θεοῖς.</em></span> 
     </span>
    </p>
   </div>
   <div class='ocr_carea' id='block_1_6' title="bbox 191 3624 1419 4140">
    <p class='ocr_par' dir='ltr' id='par_1_11' title="bbox 191 3624 1419 4032">
     <span class='ocr_line' id='line_1_29' title="bbox 281 3624 1415 3711; baseline -0.008 -18"><span class='ocrx_word' id='word_1_202' title='bbox 281 3627 344 3693; x_wconf 84' lang='lat' dir='ltr'><strong>Sed</strong></span> <span class='ocrx_word' id='word_1_203' title='bbox 379 3627 521 3693; x_wconf 85' lang='lat' dir='ltr'><strong>sortasse</strong></span> <span class='ocrx_word' id='word_1_204' title='bbox 557 3629 591 3692; x_wconf 93' lang='lat' dir='ltr'><strong>in</strong></span> <span class='ocrx_word' id='word_1_205' title='bbox 628 3627 678 3691; x_wconf 87' lang='lat' dir='ltr'><strong>his</strong></span> <span class='ocrx_word' id='word_1_206' title='bbox 714 3627 865 3692; x_wconf 90' lang='lat' dir='ltr'><strong>versibus</strong></span> <span class='ocrx_word' id='word_1_207' title='bbox 899 3628 1045 3711; x_wconf 72' lang='grc' dir='ltr'><em>πρῶτον</em></span> <span class='ocrx_word' id='word_1_208' title='bbox 1083 3624 1321 3689; x_wconf 90' lang='lat' dir='ltr'><strong>restituendum</strong></span> <span class='ocrx_word' id='word_1_209' title='bbox 1357 3627 1415 3701; x_wconf 93' lang='lat' dir='ltr'><strong>est,</strong></span> 
     </span>
     <span class='ocr_line' id='line_1_30' title="bbox 192 3728 1419 3815; baseline -0.006 -17"><span class='ocrx_word' id='word_1_210' title='bbox 192 3737 385 3815; x_wconf 88' lang='lat' dir='ltr'><strong>praesertim</strong></span> <span class='ocrx_word' id='word_1_211' title='bbox 426 3754 497 3799; x_wconf 91' lang='lat' dir='ltr'><strong>cum</strong></span> <span class='ocrx_word' id='word_1_212' title='bbox 539 3736 620 3814; x_wconf 80' lang='lat' dir='ltr'><strong>Equ.</strong></span> <span class='ocrx_word' id='word_1_213' title='bbox 650 3736 714 3798; x_wconf 90' lang='grc'><strong>275</strong></span> <span class='ocrx_word' id='word_1_214' title='bbox 755 3735 874 3800; x_wconf 90' lang='lat' dir='ltr'><strong>cod.V</strong></span> <span class='ocrx_word' id='word_1_215' title='bbox 916 3740 948 3797; x_wconf 88' lang='lat' dir='ltr'><strong>ct</strong></span> <span class='ocrx_word' id='word_1_216' title='bbox 986 3732 1087 3797; x_wconf 87' lang='lat' dir='ltr'><strong>ceteri</strong></span> <span class='ocrx_word' id='word_1_217' title='bbox 1132 3736 1262 3810; x_wconf 86' lang='lat' dir='ltr'><strong>praeter</strong></span> <span class='ocrx_word' id='word_1_218' title='bbox 1297 3728 1419 3792; x_wconf 85' lang='lat' dir='ltr'><strong>codR</strong></span> 
     </span>
     <span class='ocr_line' id='line_1_31' title="bbox 191 3835 1417 3927; baseline -0.005 -23"><span class='ocrx_word' id='word_1_219' title='bbox 191 3841 364 3906; x_wconf 89' lang='lat' dir='ltr'><strong>lectionem</strong></span> <span class='ocrx_word' id='word_1_220' title='bbox 387 3845 531 3927; x_wconf 72' lang='grc' dir='ltr'><strong><em>πρῶτον</em></strong></span> <span class='ocrx_word' id='word_1_221' title='bbox 555 3845 736 3923; x_wconf 90' lang='lat' dir='ltr'><strong>praebeant</strong></span> <span class='ocrx_word' id='word_1_222' title='bbox 760 3847 792 3904; x_wconf 91' lang='grc'><strong>51</strong></span> <span class='ocrx_word' id='word_1_223' title='bbox 815 3843 891 3904; x_wconf 89' lang='grc' dir='ltr'>Ρ55.</span> <span class='ocrx_word' id='word_1_224' title='bbox 911 3840 976 3904; x_wconf 89' lang='grc'><strong>560</strong></span> <span class='ocrx_word' id='word_1_225' title='bbox 1000 3838 1154 3903; x_wconf 87' lang='lat' dir='ltr'><strong>similiter</strong></span> <span class='ocrx_word' id='word_1_226' title='bbox 1178 3856 1217 3901; x_wconf 89' lang='lat' dir='ltr'><strong>ac</strong></span> <span class='ocrx_word' id='word_1_227' title='bbox 1236 3838 1333 3915; x_wconf 87' lang='lat' dir='ltr'><strong>Vesp.</strong></span> <span class='ocrx_word' id='word_1_228' title='bbox 1353 3835 1417 3899; x_wconf 92' lang='grc'><strong>862</strong></span> 
     </span>
     <span class='ocr_line' id='line_1_32' title="bbox 193 3947 1028 4032; baseline -0.001 -22"><span class='ocrx_word' id='word_1_229' title='bbox 193 3948 227 4011; x_wconf 93' lang='lat' dir='ltr'><strong>in</strong></span> <span class='ocrx_word' id='word_1_230' title='bbox 251 3948 315 4012; x_wconf 92' lang='lat' dir='ltr'><strong>fine</strong></span> <span class='ocrx_word' id='word_1_231' title='bbox 339 3967 453 4013; x_wconf 86' lang='lat' dir='ltr'><strong>versus</strong></span> <span class='ocrx_word' id='word_1_232' title='bbox 478 3950 590 4012; x_wconf 89' lang='lat' dir='ltr'><strong>eodem</strong></span> <span class='ocrx_word' id='word_1_233' title='bbox 613 3947 685 4012; x_wconf 89' lang='grc'>1555</span> <span class='ocrx_word' id='word_1_234' title='bbox 710 3949 858 4032; x_wconf 75' lang='grc' dir='ltr'><em>πρῶτον</em></span> <span class='ocrx_word' id='word_1_235' title='bbox 882 3947 1028 4027; x_wconf 80' lang='lat' dir='ltr'><strong>legatur:</strong></span> 
     </span>
    </p>

    <p class='ocr_par' dir='ltr' id='par_1_12' title="bbox 512 4050 1134 4140">
     <span class='ocr_line' id='line_1_33' title="bbox 512 4050 1134 4140; baseline -0.005 -22"><span class='ocrx_word' id='word_1_236' title='bbox 512 4050 799 4139; x_wconf 65' lang='grc' dir='ltr'><em>προσευξώμεσθα</em></span> <span class='ocrx_word' id='word_1_237' title='bbox 823 4056 968 4140; x_wconf 79' lang='grc' dir='ltr'><em>πρῶτον</em></span> <span class='ocrx_word' id='word_1_238' title='bbox 991 4054 1031 4138; x_wconf 69' lang='grc' dir='ltr'><strong>τῇ</strong></span> <span class='ocrx_word' id='word_1_239' title='bbox 1054 4053 1134 4133; x_wconf 69' lang='grc' dir='ltr'><strong>θεῷ.</strong></span> 
     </span>
    </p>
   </div>
   <div class='ocr_carea' id='block_1_7' title="bbox 192 4173 1417 4370">
    <p class='ocr_par' dir='ltr' id='par_1_13' title="bbox 192 4173 1417 4370">
     <span class='ocr_line' id='line_1_34' title="bbox 281 4173 1417 4267; baseline -0.01 -22"><span class='ocrx_word' id='word_1_240' title='bbox 281 4181 419 4245; x_wconf 82' lang='lat' dir='ltr'><strong>Formas</strong></span> <span class='ocrx_word' id='word_1_241' title='bbox 449 4176 663 4267; x_wconf 70' lang='lat' dir='ltr'><strong>apricantur</strong></span> <span class='ocrx_word' id='word_1_242' title='bbox 694 4185 727 4243; x_wconf 92' lang='lat' dir='ltr'><strong>et</strong></span> <span class='ocrx_word' id='word_1_243' title='bbox 757 4175 950 4264; x_wconf 73' lang='lat' dir='ltr'><strong>apricante</strong></span> <span class='ocrx_word' id='word_1_244' title='bbox 981 4183 1098 4258; x_wconf 90' lang='lat' dir='ltr'><strong>poeta</strong></span> <span class='ocrx_word' id='word_1_245' title='bbox 1130 4173 1259 4239; x_wconf 91' lang='lat' dir='ltr'><strong>omnino</strong></span> <span class='ocrx_word' id='word_1_246' title='bbox 1290 4177 1417 4237; x_wconf 87' lang='lat' dir='ltr'><strong>tantum</strong></span> 
     </span>
     <span class='ocr_line' id='line_1_35' title="bbox 192 4284 1042 4370; baseline -0.006 -19"><span class='ocrx_word' id='word_1_247' title='bbox 192 4293 295 4352; x_wconf 89' lang='lat' dir='ltr'><strong>metro</strong></span> <span class='ocrx_word' id='word_1_248' title='bbox 318 4288 506 4368; x_wconf 86' lang='lat' dir='ltr'><strong>postulante</strong></span> <span class='ocrx_word' id='word_1_249' title='bbox 530 4306 588 4367; x_wconf 89' lang='lat' dir='ltr'><strong>pro</strong></span> <span class='ocrx_word' id='word_1_250' title='bbox 614 4286 721 4350; x_wconf 82' lang='lat' dir='ltr'><strong>forma</strong></span> <span class='ocrx_word' id='word_1_251' title='bbox 744 4288 890 4370; x_wconf 73' lang='grc' dir='ltr'><strong><em>πρῶτον</em></strong></span> <span class='ocrx_word' id='word_1_252' title='bbox 914 4284 1042 4365; x_wconf 90' lang='lat' dir='ltr'><strong>posuit:</strong></span> 
     </span>
    </p>
   </div>
   <div class='ocr_carea' id='block_1_8' title="bbox 281 4391 1309 4670">
    <p class='ocr_par' dir='ltr' id='par_1_14' title="bbox 281 4391 1309 4670">
     <span class='ocr_line' id='line_1_36' title="bbox 281 4391 487 4479; baseline 0 -21"><span class='ocrx_word' id='word_1_253' title='bbox 281 4391 487 4479; x_wconf 71' lang='lat' dir='ltr'><strong>moderator:</strong></span> 
     </span>
     <span class='ocr_line' id='line_1_37' title="bbox 281 4495 1248 4588; baseline -0.006 -23"><span class='ocrx_word' id='word_1_254' title='bbox 281 4502 478 4567; x_wconf 75' lang='grc'>1151111121.</span> <span class='ocrx_word' id='word_1_255' title='bbox 511 4497 726 4588; x_wconf 76' lang='grc'>5515115155</span> <span class='ocrx_word' id='word_1_256' title='bbox 750 4496 852 4562; x_wconf 75' lang='grc' dir='ltr'><em>αὐτοῦ</em></span> <span class='ocrx_word' id='word_1_257' title='bbox 875 4499 1024 4582; x_wconf 59' lang='lat' dir='ltr'><strong>benadad</strong></span> <span class='ocrx_word' id='word_1_258' title='bbox 1047 4498 1106 4559; x_wconf 72' lang='grc' dir='ltr'><strong>τοῦ</strong></span> <span class='ocrx_word' id='word_1_259' title='bbox 1130 4495 1248 4577; x_wconf 73' lang='grc' dir='ltr'><strong>δεξιοῦ,</strong></span> 
     </span>
     <span class='ocr_line' id='line_1_38' title="bbox 1277 4618 1309 4670; baseline 0 -19"><span class='ocrx_word' id='word_1_260' title='bbox 1277 4618 1309 4670; x_wconf 74' lang='grc'><strong>2*</strong></span> 
     </span>
    </p>
   </div>
   <div class='ocr_carea' id='block_1_9' title="bbox 0 0 1527 5010">
    <p class='ocr_par' dir='ltr' id='par_1_15' title="bbox 0 0 1527 5010">
     <span class='ocr_line' id='line_1_39' title="bbox 0 0 1527 5010; baseline 0 0"><span class='ocrx_word' id='word_1_261' title='bbox 0 0 1527 5010; x_wconf 95' lang='lat' dir='ltr'><strong> </strong></span> 
     </span>
    </p>
   </div>
  </div>
 </body>
</html>
