3038 5010
697 378 701 383 .
725 283 891 383 ..BL

263 500 336 566 Hoc
358 505 493 582 propter
514 498 611 563 metri
634 485 864 565 necessitatem
889 498 1011 563 factum
1036 517 1107 564 esse
1124 498 1177 564 vel
1200 497 1277 563 inde
1300 516 1405 580 appa-

172 612 233 689 ret,
260 608 344 687 quod
368 625 527 685 nusquam
550 605 815 671 terminationem
839 628 956 669 -αιεν
980 604 1173 672 invenimus.
1215 604 1307 688 Quae
1330 624 1404 671 cum

173 715 307 780 eandem
336 713 552 793 quantitatem
586 733 624 778 ac
655 712 844 778 terminatio
876 735 992 777 -ειοιν
1019 714 1165 795 haberet,
1199 718 1303 778 metro
1336 731 1404 778 non

140 885 144 890 .
172 824 351 904 cogebatur
372 826 470 902 poeta
494 822 587 885 modo
612 821 673 885 hac
698 821 791 885 modo
816 819 876 885 illa
906 818 1013 885 forma
1038 819 1097 885 uti.
1137 819 1242 903 Quam
1268 822 1403 885 obrem

173 933 300 994 tantum
324 926 448 993 formas
472 927 506 992 in
532 951 629 992 -ειοιν
653 928 801 1011 syllabas
826 928 1010 994 desinentes
1034 926 1235 994 invenimus:
1267 927 1352 1009 Equ.
1371 927 1402 1009 3,

174 1037 248 1118 898,
282 1036 461 1117 11111974,
496 1035 641 1100 1111373
666 1041 726 1100 ο1ο.

264 1196 316 1261 37.
363 1196 476 1261 Etiam
507 1196 540 1260 in
572 1202 778 1278 augmento
809 1215 1040 1276 nonnunquam
1069 1196 1167 1261 metri
1193 1195 1261 1262 vim
1292 1196 1404 1261 obser-

174 1322 299 1370 vamus.
353 1303 601 1384 Amplificatum
631 1309 840 1384 augmentum
870 1304 965 1371 verbi
995 1301 1137 1386 μέλλειν,
1172 1322 1235 1383 quo
1267 1320 1404 1384 perraro

174 1414 291 1491 poetae
307 1410 358 1474 usi
375 1416 451 1474 sunt
467 1410 556 1495 (Hes.
575 1412 682 1491 theog.
697 1412 771 1491 478,
786 1411 860 1492 888,
876 1411 950 1475 898.
968 1411 1112 1492 Theogn.
1126 1410 1205 1495 906)
1215 1409 1249 1496 ¹),
1274 1408 1405 1475 Aristo-

175 1517 300 1598 phanes
324 1517 375 1582 bis
400 1517 550 1582 adhibuit
572 1519 668 1583 metri
693 1518 923 1583 commoditate
947 1520 1106 1583 adductus
1134 1517 1169 1583 in
1198 1516 1403 1599 anapaestis:

265 1625 347 1688 Ran.
368 1625 462 1689 1038.
495 1621 552 1689 τὸν
575 1621 678 1711 λόφον
703 1621 838 1712 ἤμελλ’
862 1621 1042 1712 ἐπιδήσειν,

264 1731 353 1796 Eccl.
372 1732 447 1797 597.
477 1734 574 1796 τοῦτο
596 1728 660 1824 ,γὰρ
685 1728 853 1819 ἤμελλον
878 1727 939 1814 ἐγὼ
962 1729 1078 1814 λέξειν.

264 1840 304 1904 In
320 1840 440 1906 iambis
458 1847 490 1905 et
506 1841 669 1906 trochaeis
686 1860 814 1922 semper
830 1840 970 1920 simplex
991 1844 1200 1921 augmentum
1220 1838 1403 1905 invenitur:

174 1946 256 2011 Ach.
275 1947 349 2028 347,
380 1948 464 2027 loqu.
483 1949 557 2029 267,
589 1949 673 2013 Nub.
694 1948 788 2029 1301,
813 1949 910 2028 Vesp.
929 1947 1004 2028 460,
1030 1946 1125 2028 1095,
1158 1947 1286 2011 Thesm.
1307 1946 1403 2036 1177,

175 2053 258 2118 Ran.
277 2055 351 2136 268,
369 2055 443 2136 518,
463 2056 536 2136 791,
560 2055 647 2120 Plut.
668 2056 740 2120 103.

265 2161 294 2225 Ε
319 2162 486 2227 contrario
502 2165 602 2228 verbo
627 2158 796 2244 ἀνέχομαι,
822 2162 906 2241 quod
930 2154 1138 2242 augmentum
1167 2158 1405 2241 amplificatum

176 2268 298 2332 habere
322 2267 436 2353 solet2)
469 2268 609 2353 (Thesm.
628 2270 702 2334 593.
734 2267 866 2355 ἠλίθιος
890 2265 981 2343 ὅστις
1003 2263 1193 2350 τιλλόμενος
1216 2262 1403 2354 ἠνείχετο),

177 2374 277 2439 semel
300 2375 440 2456 simplex
461 2381 669 2457 augmentum
686 2376 817 2458 adiecit,
843 2377 928 2456 quod
952 2371 1176 2463 ἠνειχόμεσθα
1199 2379 1302 2440 metro
1323 2392 1405 2439 ana

175 2481 322 2561 paestico
345 2483 542 2547 resultabat:

266 2589 344 2672 Lys
363 2589 436 2654 507.
468 2587 562 2676 ἡμεῖς
590 2587 647 2655 τὸν
676 2588 737 2673 μὲν
769 2587 931 2678 πρότερον
961 2585 1106 2672 πόλεμον
1128 2588 1183 2653 καὶ
1206 2583 1263 2652 τὸν
1286 2583 1404 2676 χρόνον

513 2694 746 2783 η’νεχὸμεοέλα.

176 2800 337 2866 Similiter
360 2805 538 2869 Menander
561 2807 641 2870 duras
666 2804 790 2870 formas
819 2801 1026 2892 ἠμρηγόμειν
1052 2810 1084 2869 et
1111 2798 1317 2890 ἑγρηγόρειν
1346 2803 1404 2868 ad-

176 2906 294 2990 hibuit,
320 2915 355 2974 ut
377 2911 515 2976 Photius
539 2913 598 2980 59ι
625 2912 729 2977 tradit
753 2911 807 2996 (fr.
828 2911 994 2991 1013111
1018 2931 1048 2992 p.
1067 2909 1154 2994 253).

267 3016 365 3080 Metri
390 3018 528 3098 denique
556 3018 746 3084 necessitati
777 3019 934 3099 tribuam,
967 3020 1052 3098 quod
1076 3017 1315 3097 Aristophanes
1345 3035 1405 3098 pro

176 3117 455 3211 κᾶπωμορξάμην
477 3124 509 3210 (a
529 3127 629 3191 Verbo
651 3121 699 3188 dn
717 3163 741 3170 -
759 3121 952 3212 ομόργνομι)
979 3126 1117 3189 formam
1136 3118 1406 3210 κάπεμορξάμην

179 3228 265 3294 falso
294 3236 459 3311 tamquam
483 3252 503 3296 a
527 3234 626 3298 verbo
655 3229 723 3296 dac
736 3271 759 3278 -
773 3229 934 3318 μόργννμι
966 3232 1149 3296 derivatam
1179 3230 1290 3312 finxit,
1322 3248 1408 3310 quae

176 3336 293 3401 melius
316 3344 419 3402 metro
444 3339 610 3404 trochaico
635 3337 987 3419 accommodabatu1·³):

267 3443 347 3508 Acll.
368 3445 440 3510 706.
466 3442 543 3510 ὥστ’
567 3442 627 3528 ἐγὼ
650 3444 711 3528 μὲν
735 3443 856 3533 ἠλέησα
880 3441 1148 3532 κάπεμορξάμην
1174 3439 1262 3509 ἰδών.

521 3694 590 3760 Ill.
626 3695 678 3761 lle
702 3697 809 3761 rebus
835 3695 1059 3778 sportactlcls.

268 3857 319 3920 38.
353 3856 423 3920 lam
440 3856 689 3936 progrediamur
706 3858 748 3920 ad
763 3875 815 3921 res
833 3855 1044 3938 syntactioas,
1068 3860 1100 3919 et
1117 3853 1258 3934 primum
1274 3852 1405 3933 quidem

178 3982 314 4045 agamus
338 3965 378 4028 de
402 3963 555 4028 numeris.

179 4126 292 4134 v——..—
298 4128 338 4133 —.
349 4129 367 4133 -.
378 4128 389 4132 -

270 4214 288 4278 1)
308 4216 348 4265 cf.
369 4213 456 4266 Koch.
477 4213 510 4264 ad
530 4213 598 4266 Rau.
615 4214 692 4279 1038,
712 4211 935 4265 Kuehncr-Blass
954 4211 982 4263 Ir
1003 4211 1059 4278 p.9
1078 4215 1107 4264 ct
1125 4210 1184 4265 484.

268 4303 287 4367 2)
308 4302 349 4355 uf.
370 4302 593 4354 Knchncr-Blass
613 4303 658 4353 llo
678 4318 701 4368 p.
716 4302 750 4354 35
771 4307 798 4354 et
818 4301 876 4355 435.

267 4392 287 4459 3)
308 4393 420 4457 Porsen,
441 4390 528 4457 praef.
543 4391 584 4442 ad.
601 4391 662 4443 Hoc.
683 4407 707 4459 p.
723 4391 757 4442 88
777 4407 836 4442 cum
856 4390 907 4442 hac
926 4406 955 4441 re
979 4389 1088 4442 confert
1111 4389 1263 4441 breviorem
1285 4386 1406 4441 formam

178 4479 305 4551 ι1ὑμομιιι,
325 4497 406 4545 quam
426 4482 526 4548 tragici
546 4496 739 4545 nonnunquam
760 4479 950 4534 adhilrucrunt.
