3038 5010
282 1177 376 1278 Ante
408 1215 468 1277 hos
497 1214 612 1278 decem
648 1235 768 1295 annos,
798 1236 871 1278 eum
898 1216 1111 1300 ¹argentorati
1141 1218 1326 1284 Guilelnri

194 1317 453 1382 Studemundi
478 1317 596 1380 scholis
621 1318 764 1381 metricis
791 1319 1000 1400 interessem,
1029 1321 1084 1385 ille
1109 1323 1156 1386 vir
1179 1322 1326 1388 doctissi-

193 1443 267 1483 mus
294 1419 458 1484 auditores
490 1419 607 1483 docere
632 1419 761 1483 solebat
783 1420 823 1483 ab
848 1421 887 1483 iis
912 1420 1096 1487 hominibus
1120 1423 1241 1505 doctis,
1272 1428 1326 1510 qui

192 1547 299 1611 nuper
320 1523 474 1588 metricae
498 1523 689 1608 discipliuae
709 1545 844 1609 operam
867 1523 1046 1606 dedissent,
1069 1528 1101 1590 in
1121 1529 1325 1612 explicandis

192 1635 363 1716 poetarum
376 1627 576 1692 Graecorum
593 1627 727 1691 canticis
745 1629 960 1712 quantitatem
978 1628 1108 1712 quidem
1125 1632 1326 1716 syllabarum

193 1733 273 1798 satis
296 1732 427 1817 respici,
451 1753 515 1795 nou
538 1730 608 1816 pari
632 1730 726 1794 modo
750 1731 851 1795 ictum
875 1733 974 1796 totius
1000 1734 1063 1797 coli
1086 1735 1266 1818 periodive,
1291 1744 1327 1801 ut

192 1859 220 1900 e.
241 1859 273 1921 g.
294 1823 484 1901 tetrameter
506 1834 664 1899 iambicus
688 1836 905 1916 acatalectus,
937 1836 988 1900 eui
1019 1859 1118 1923 saepe
1152 1840 1211 1903 hos
1241 1841 1325 1905 ictus

191 1939 379 2005 tribuendos
403 1960 477 2004 esse
500 1937 609 2002 docuit

190 2132 443 2197 confunderetur
464 2153 536 2195 curn
557 2136 746 2197 tetrametro
775 2132 940 2197 trochaico
969 2136 1160 2199 catalectico
1189 2159 1323 2224 praece-

167 2257 172 2263 ’
190 2237 287 2302 dente
311 2238 460 2301 anacrusi
510 2321 518 2365 [
543 2321 549 2365 1

190 2413 337 2497 quamvis
361 2410 510 2476 adhunc
539 2434 669 2476 versum
698 2414 795 2497 vulgo
822 2434 887 2476 non
916 2415 1014 2478 iidem
1044 2417 1126 2480 ictus
1156 2418 1324 2502 quadrent,

190 2516 243 2600 qui
267 2515 308 2579 ad
333 2521 558 2579 tetrametrum
580 2515 756 2579 iambicum

508 2641 1003 2688 [vlssvssvlng-„Ldvy'

192 2704 249 2769 sed
271 2705 305 2768 hi
327 2705 486 2793 potius¹):
599 2789 613 2804 „
726 2789 733 2804 ,
836 2791 850 2805 „
964 2793 970 2806 ,

273 2879 409 2943 Maximi
420 2885 530 2944 autem
543 2882 699 2944 momenti
715 2881 748 2944 in
763 2881 995 2967 pertractanda
1011 2881 1071 2944 hae
1086 2883 1276 2966 quaestione
1293 2884 1326 2947 id

190 3004 315 3069 quoque
339 3004 413 3047 esse
437 2983 546 3046 docuit
571 2982 830 3065 Studemundus,
862 2983 945 3069 quod
968 3005 1026 3069 pro
1051 2984 1176 3048 duobus
1204 2985 1321 3051 iambis

191 3087 275 3173 apud
302 3092 417 3172 poetas
443 3084 587 3150 Graecos
618 3086 705 3150 haud
734 3109 804 3151 raro
835 3088 964 3171 legatur
992 3087 1086 3151 modo
1118 3088 1324 3153 choriambus

190 3247 237 3262 ,,
248 3249 266 3261 ,
277 3255 296 3261 ,
319 3189 412 3253 modo
428 3190 552 3254 ionicus
570 3213 589 3254 a
605 3192 728 3255 minore
753 3250 770 3261 ,
783 3250 800 3261 ,
813 3255 831 3261 ,,
915 3191 979 3263 Qui
994 3191 1097 3275 pedes
1114 3212 1171 3254 cur
1186 3192 1323 3255 immixti

191 3296 252 3358 sint
267 3294 417 3359 versibus
440 3295 597 3376 iambioiS,
622 3295 778 3380 explicari
793 3296 884 3358 nullo
904 3295 998 3358 modo
1013 3316 1122 3380 posse,
1146 3296 1208 3358 nisi
1225 3317 1323 3381 saepe

190 3398 246 3462 hos
274 3400 357 3461 ictus
385 3440 493 3469 „m
515 3398 619 3462 iustos
642 3398 743 3463 fuisse
772 3399 909 3484 putaris,
938 3420 1002 3462 non
1025 3444 1103 3470 „LV
1160 3399 1322 3463 trochaico

190 3508 290 3566 metro
313 3506 416 3586 aptos.

273 3604 316 3668 ut
341 3606 486 3690 profecto
516 3606 670 3689 leguntur
698 3607 876 3670 choriambi
900 3628 964 3669 non
988 3607 1090 3669 solum
1115 3607 1147 3668 in
1176 3607 1322 3687 canticis,

191 3708 244 3772 sed
268 3709 368 3772 etiam
388 3710 427 3772 in'
440 3710 576 3773 diverbii
596 3711 815 3775 trimetrorum
838 3711 940 3775 initio.
974 3709 1087 3774 Veluti
1103 3709 1223 3774 Aeseh.
1240 3717 1321 3795 sept.

192 3813 281 3897 547²)
307 3813 361 3898 (=
387 3816 448 3877 530
472 3814 521 3877 ed.
546 3813 736 3899 Kirehhoff)

258 3986 278 4052 ¹)
297 3984 330 4038 cf.
350 4001 391 4048 ea,
409 4001 481 4052 quae
499 3985 721 4039 Studemundum
739 3988 850 4039 secutus
870 3986 1028 4054 nuperrime
1048 3984 1177 4053 exposuit
1193 3985 1221 4038 F.
1232 3985 1321 4054 Vogt:

191 4069 223 4124 de
249 4071 345 4124 metris
372 4070 486 4124 Pindari
513 4071 691 4139 quaestiones
719 4075 788 4134 tres;
816 4071 845 4124 in
871 4072 935 4124 diss.
961 4071 1057 4140 philol.
1077 4071 1191 4139 Argent.
1210 4072 1264 4125 vol.
1283 4073 1321 4125 IV

191 4175 208 4226 p
233 4159 398 4314 8²lql³oetas
417 4246 557 4299 scaenicos
577 4246 762 4314 (Aeschylum,
782 4245 953 4314 Sophoclem,
973 4246 1140 4315 Euripidem,
1159 4246 1321 4316 Aristopha-

191 4336 260 4399 nem)
277 4331 361 4386 oitavi
376 4333 526 4386 seeundum
540 4332 676 4385 Dindorfii
690 4332 840 4386 editionem
861 4333 989 4401 quintam
1002 4332 1112 4402 Lipsiae
1126 4333 1204 4388 1869:
1223 4337 1320 4401 poetas

1132 4422 1142 4471 l
1152 4421 1165 4450 lt
