3038 5010
650 433 742 517 [167]
1222 447 1262 510 29

128 630 256 716 pissime
271 626 407 691 occurrit
423 625 550 703 soluta,¹
568 647 606 691 ea
617 631 744 690 nostrae
758 626 872 690 rationi
885 647 948 691 non
961 628 1075 708 obstat,
1090 654 1161 697 cum
1173 657 1263 720 prac-

130 735 240 798 sertim
255 732 350 796 etiam
366 731 397 792 in
413 729 559 793 versibus
574 729 716 793 iambicis
733 728 820 792 haud
831 752 902 794 raro
916 732 1086 799 viderimus
1099 758 1265 805 occurrere

129 838 244 916 thesin,
256 840 328 917 post
341 853 435 918 quam
448 835 525 896 arsis
538 832 656 896 excidit
669 832 737 913 (cfr.
748 855 778 918 p.
791 836 829 918 15
841 840 873 897 ct
886 836 951 916 16),
963 839 1110 917 solutam,
1121 843 1263 928 inprimis

128 941 233 1005 thesin
248 941 391 1022 primam.
418 939 528 1022 Atque
544 958 613 1000 oum
631 958 679 1017 eo,
697 936 840 1034 quodibi
857 939 1105 1024 observavimus,
1124 948 1263 1033 Aeschy-

128 1043 196 1106 lum
217 1043 433 1127 frequentasse
455 1041 652 1125 potissimnm
675 1063 784 1106 versus
807 1043 866 1107 hos
883 1044 922 1106 ab
939 1046 1000 1109 arsi
1015 1049 1171 1132 producta
1186 1053 1263 1116 inci-

127 1147 262 1231 pientes,
274 1147 416 1231 apprime
429 1147 577 1210 convenit
588 1145 741 1230 Aeschyli
753 1169 827 1212 usus
840 1169 989 1213 versuum
1005 1150 1263 1221 dochmiacorum

129 1252 194 1314 arsi
215 1252 316 1334 prima
331 1251 485 1334 producta
500 1251 679 1333 insignium,
698 1271 768 1314 cum
787 1273 804 1314 e
821 1254 883 1315 340
899 1252 1053 1319 dochmiis
1069 1256 1264 1342 Aeschyleis,

128 1354 183 1439 qni
211 1356 311 1439 prima
335 1353 416 1417 thesi
447 1352 552 1416 soluta
582 1361 656 1417 sunt
688 1354 865 1438 conspicui,
897 1358 958 1419 140
982 1358 1062 1422 hanc
1093 1361 1264 1426 exhibeant

126 1458 263 1544 formam
275 1493 314 1502 -
332 1494 368 1528 cc
385 1494 425 1502 -
445 1459 462 1508 ῡ
479 1452 522 1538 Ψ,
539 1459 630 1522 velut
646 1457 734 1542 Sept.
751 1460 810 1522 130
822 1458 975 1540 ῥυσίπολις
991 1468 1080 1541 γενοῦ
1099 1462 1103 1543 l
1124 1463 1263 1544 Παλλάς,

128 1559 144 1626 b'
169 1563 204 1625 θ’
217 1563 320 1637 ἵππιος
339 1563 344 1638 l
364 1559 555 1641 ποντομέδων
577 1558 663 1636 ἄναξ.
701 1561 811 1646 Suppl·
828 1564 891 1626 402
907 1562 1089 1648 ἀμφοτέροις
1111 1565 1264 1650 ὁμαίΙμων

128 1663 198 1729 τάδ’
221 1668 384 1730 ἐπισκοπεῖ.
430 1665 489 1751 Ag.
515 1667 596 1729 1090
618 1663 766 1746 μισόθεον
787 1666 843 1746 μὲν
865 1662 941 1745 oriri
966 1666 1062 1732 riclini
1092 1671 1264 1748 συνίστορα.

128 1769 271 1854 Choeph.
296 1772 357 1832 942
381 1767 570 1833 δεσποσύνων
592 1768 704 1848 δόμων.
732 1768 833 1833 tEum.
850 1773 911 1835 845
926 1792 933 1830 :
947 1773 1009 1835 879
1033 1771 1108 1848 Νύξ·
1126 1772 1188 1838 cinti
1204 1775 1261 1858 γάρ

125 1900 165 1953 με
190 1875 288 1957 τιῖμᾶν
310 1877 434 1937 οαναιᾶν
457 1879 541 1936 θεῶν
563 1873 631 1954 (cfr.
655 1875 718 1938 tab.
740 1874 784 1954 II,
810 1878 826 1937 7
851 1883 883 1938 et
906 1874 969 1956 9).²

229 1977 356 2061 Reliqui
387 1983 501 2061 poetae
531 1978 666 2042 scaenici
695 1983 731 2041 ut
760 1978 861 2041 rarius
883 1980 1027 2044 versibus
1049 1981 1190 2046 iambicis
1221 1984 1262 2048 ab

128 2082 193 2146 arsi
222 2082 319 2165 longa
348 2082 571 2164 incipientibus
599 2082 787 2161 utebantur,
819 2083 862 2144 ita
897 2083 1059 2147 malebant
1087 2106 1107 2147 α
1141 2087 1263 2169 syllaba

127 2187 216 2251 brevi
236 2186 400 2250 dochmios
414 2186 563 2269 incipere,
586 2190 712 2270 praeter
727 2193 852 2250 ceteros
867 2186 1046 2270 Euripides.
1073 2189 1127 2273 qui
1142 2210 1182 2252 ex
1199 2192 1261 2255 593

126 2291 282 2354 dochmiis
294 2290 377 2353 thesi
388 2289 489 2374 prima
500 2291 567 2352 sola
579 2292 686 2353 solnta
697 2290 884 2373 conspicuis,
897 2292 950 2374 qui
963 2297 1099 2355 aetatem
1110 2292 1261 2371 tulerunt,

127 2395 189 2459 106
213 2400 337 2457 tantum
360 2393 443 2456 arsin
466 2394 598 2476 primam
623 2395 810 2479 productam
833 2415 901 2458 esse
925 2395 1035 2459 voluit.
1069 2395 1120 2459 Ex
1136 2400 1176 2460 93
1193 2418 1262 2460 ver·

125 2499 214 2562 sibus
239 2496 434 2580 Sophocleis,
458 2517 593 2580 quorum
616 2499 716 2581 prima
739 2498 837 2562 thesis
854 2504 901 2561 est
916 2498 1031 2580 soluta,
1048 2499 1088 2562 37
1106 2502 1261 2567 exhibent

126 2603 211 2666 arsin
234 2601 479 2685 praecedentem
502 2602 641 2686 longam,
664 2622 705 2665 ex
721 2605 761 2664 43
786 2601 940 2666 dochmiis
957 2604 1201 2687 Aristophaneis
1223 2609 1260 2670 15

126 2702 198 2787 (cfr.
222 2704 285 2768 tab.
310 2703 354 2784 II,
380 2706 396 2766 7
423 2710 456 2768 et
478 2702 523 2787 9).

229 2807 355 2872 Deinde
379 2807 464 2891 quod
488 2808 521 2871 in
543 2807 687 2872 versibus
709 2808 851 2873 iambicis
873 2830 969 2893 supra
993 2809 1024 2891 (ἓ
1049 2809 1081 2892 7)
1113 2813 1261 2877 observa·

128 2912 230 2976 rimus
253 2918 365 2995 poetas
388 2932 460 2975 raro
478 2932 548 2975 eam
563 2912 677 2979 thesin.
702 2934 783 2997 quac
801 2915 919 2999 excipit
942 2915 1026 2977 arsin
1041 2922 1262 3001 syncopatam,

50 3069 52 3072 ,
127 3017 227 3080 solam
246 3015 389 3097 solvisse,
409 3017 535 3101 saepius
551 3022 628 3097 tum,
650 3017 678 3080 si
694 3017 787 3080 etiam
803 3018 964 3097 ecthesis,
988 3040 1071 3102 quae
1088 3021 1261 3104 praecedit,

128 3124 175 3182 est
197 3119 311 3199 solnta,
335 3118 418 3184 idem
443 3120 540 3183 etiam
562 3119 594 3181 in
620 3120 765 3183 versibus
795 3120 988 3186 dochmiacis
1019 3124 1164 3188 occurrit.
1209 3123 1260 3187 Ex

129 3225 210 3286 1000
226 3221 390 3304 dochmiis,
407 3223 460 3307 qui
475 3223 506 3286 in
519 3223 633 3288 fabulis
650 3230 817 3308 poctarum
830 3226 1048 3291 scaenicorum
1060 3247 1258 3310 graecorum,

126 3326 157 3388 in
180 3326 293 3411 quibus
316 3327 480 3410 proprium
503 3333 598 3410 atque
619 3329 827 3412 praecipuum
849 3329 955 3392 locum
978 3350 1032 3392 eos
1049 3328 1168 3394 habere
1184 3320 1258 3395 con-

128 3435 199 3508 stat,
222 3431 372 3514 leguntur
396 3430 473 3511 (505
496 3431 529 3494 in
551 3430 747 3515 Aeschylcis,
770 3434 833 3494 244
855 3432 887 3494 in
907 3433 1104 3516 Sophocleis,
1130 3436 1211 3498 1060
1228 3434 1279 3498 in.

230 3607 239 3642 1
260 3605 361 3667 Christ,
379 3603 472 3656 Matr-²
490 3621 515 3671 p.
534 3603 685 3671 433-4373
711 3606 861 3669 Rossbach,
881 3606 988 3659 Gricch.
1006 3603 1136 3673 Rhythm.
1155 3623 1181 3672 p.
1202 3604 1257 3659 160.

127 3691 219 3744 Metr.²
237 3708 264 3758 p.
282 3690 340 3744 608.

228 3780 239 3814 ²
259 3779 316 3830 Hos
334 3793 428 3830 versus
446 3792 500 3828 non
516 3776 649 3842 tripodias
662 3777 794 3829 iambicos
808 3794 876 3843 esso,
897 3795 968 3845 quae
981 3779 1093 3831 diiambi
1105 3778 1183 3845 primi
1197 3779 1258 3830 loco

125 3865 313 3917 choriambum
332 3864 491 3930 praebeant,
518 3879 549 3915 co
569 3864 635 3915 mihi
654 3865 766 3930 probari
793 3865 910 3924 ridetur,
937 3865 1009 3932 quod
1035 3866 1139 3917 nullum
1165 3881 1257 3916 eornm

125 3952 277 4018 exemplum
297 3951 418 4003 occurrit
436 3951 463 4001 in
486 3950 613 4016 strophis,
640 3967 711 4017 quae
736 3950 867 4002 dochmiis
892 3957 989 4003 carent
1008 3952 1096 4002 forma
1118 3951 1259 4002 holoclera

124 4037 286 4103 insignibus.
324 4038 451 4103 Omnino,
470 4037 492 4088 si
512 4036 650 4104 tripodiae
669 4039 804 4091 iambicac
823 4039 851 4089 in
871 4040 937 4089 duas
956 4040 1049 4104 partes
1068 4038 1112 4089 rel
1126 4038 1153 4087 in
1170 4037 1258 4088 thesin

125 4128 152 4173 et
177 4124 252 4174 arsin
277 4122 461 4175 secernendae
491 4127 568 4189 sunt,
597 4124 661 4175 mihi
687 4124 795 4175 videtur
825 4139 873 4190 pes
903 4125 1006 4190 primus
1032 4121 1143 4174 efficere
1175 4122 1257 4190 arsin,

125 4207 209 4275 podes
228 4206 364 4260 sccundus
385 4212 411 4259 et
430 4210 527 4261 tertius
555 4211 651 4274 thesin,
676 4213 706 4261 ut
732 4211 759 4260 in
784 4210 836 4262 hoc
862 4211 997 4261 versiculo
1023 4209 1137 4260 iambico
1163 4208 1257 4260 cadom

124 4295 197 4347 ratio
217 4295 309 4346 volcot
323 4297 412 4361 'atquo
431 4294 459 4345 in
478 4295 593 4363 singulis
611 4296 708 4349 iambis
727 4301 754 4347 et
779 4297 806 4347 in
825 4296 954 4348 trimetris
978 4296 1109 4355 iambicis,
1133 4299 1163 4346 ut
1189 4296 1258 4347 orsis

123 4380 293 4448 praecedens
312 4395 371 4430 cum
389 4381 458 4432 thesi
478 4383 602 4448 sequenti
621 4383 694 4434 hanc
713 4382 849 4433 rationem
869 4382 971 4434 efficiat
990 4381 1055 4434 1:2.
