3038 5010
683 475 878 542 ..„

376 653 401 714 οἱ
425 650 477 734 μὲν
501 653 638 737 στρατιάν
662 650 796 735 ἄγοντες,
822 652 847 714 οἱ
869 649 901 714 δὲ
924 653 1052 739 χρυσίον,

375 760 454 846 παρὰ
476 765 535 821 τῶν
560 757 793 841 Λακεδαιμονίων
815 756 847 820 δὲ
871 759 947 841 μετὰ
969 758 1096 831 τούτους
1120 756 1200 833 τινὲς
1260 743 1263 753 ’

340 867 506 939 οσπονλοὶς
530 869 684 953 φέροντες,
709 866 763 939 οὓς
782 866 944 953 Ἀχαρνεῖς
968 865 1106 947 οὐδαμῶς

376 972 473 1036 εἰἀσαν
497 972 566 1036 ἀλλ’
592 972 731 1058 ἔβαλλον,
756 973 797 1034 ών
820 973 1001 1035 καθάπτεται

375 1080 518 1168 σκληρῶς
542 1062 719 1166 ὁτοιητής.
754 1080 843 1156 <αὐτὸ
867 1080 900 1142 τὸ
924 1083 1061 1166 ψήφισμά
1083 1101 1117 1142 τε

374 1188 540 1275 Μεγαρικὸν
564 1188 673 1260 ἱκανῶς
698 1209 769 1273 φησι
789 1187 836 1250 καὶ
861 1188 910 1250 τὸν
933 1186 1090 1275 Περικλέα.

375 1294 426 1357 κοώ
450 1295 501 1357 τὸν
524 1293 662 1370 Λάκωνα,
687 1295 778 1357 τῶνδε
802 1303 920 1357 πάντων
945 1292 1044 1370 αἴτιον,

326 1422 352 1460 ιο
374 1403 503 1474 σπονδάς
526 1423 559 1464 τε
582 1401 679 1464 λύσειν
704 1407 763 1463 τῶν
788 1402 965 1488 ἐφεστώτων
988 1407 1110 1479 κακῶν>,

281 1618 314 1696 2)
337 1612 374 1680 ln
399 1613 492 1681 exitu
516 1626 610 1681 recte
626 1635 647 1680 a
662 1612 746 1680 viris
770 1613 881 1681 doctis
905 1611 1059 1681 additum
1077 1625 1130 1680 est
1146 1614 1243 1691 πάλιν,
1269 1611 1365 1700 quod

193 1720 292 1788 deest
315 1719 348 1787 in
374 1721 560 1789 codicibus.

280 1829 314 1914 6)
339 1826 547 1912 tapetii&
579 1826 688 1914 vulgo
711 1826 836 1914 legitur
860 1826 1013 1912 ἐξέβαλον,
1046 1838 1081 1894 at
1105 1825 1265 1912 Wagner
1295 1846 1364 1892 rec-

192 1933 320 2001 tissime
343 1955 542 2022 proponere
567 1933 647 2001 mihi
666 1934 803 2002 videtur
826 1935 965 2020 ἕβαλλον.
1013 1931 1102 2001 Nam
1115 1933 1365 2001 Acharnenses

192 2051 321 2107 tantum
338 2041 554 2108 conabantur
570 2039 795 2128 Dicaeopolin
812 2039 983 2130 lapidibus
1000 2040 1162 2108 obrutum
1180 2039 1364 2129 expellere.

192 2145 407 2235 Praepositio
433 2160 546 2216 autem
570 2148 604 2232 ἐξ
628 2160 772 2238 propter
795 2160 941 2215 metrum
967 2147 1115 2215 delenda
1138 2160 1201 2216 est.

280 2257 403 2343 7-10)
415 2253 561 2336 Versus,
587 2277 676 2345 quos
701 2255 860 2323 cancellis
884 2254 1010 2344 saepsi,
1036 2255 1162 2322 desunt
1185 2255 1218 2322 in
1243 2253 1366 2324 codice

190 2359 233 2442 R,
258 2361 363 2428 additi
387 2374 467 2429 sunt
490 2362 637 2451 primum
662 2362 695 2430 in
719 2362 868 2430 editione
888 2362 1026 2430 Aldina.
1074 2361 1189 2448 Quam
1221 2363 1266 2430 ob
1291 2383 1365 2430 rem

191 2469 387 2557 suspicetur
418 2469 587 2560 quispiam
618 2471 684 2538 hos
716 2491 841 2537 versus
866 2469 1006 2536 demum
1031 2468 1146 2537 medio
1171 2490 1261 2536 aevo
1286 2480 1366 2557 post

192 2576 411 2644 undecimum
436 2577 624 2658 saeculum,
658 2600 728 2667 quo
751 2578 901 2666 scriptus
926 2589 980 2645 est
1004 2577 1116 2645 codex
1139 2575 1180 2658 R,
1210 2576 1289 2643 huic
1313 2598 1365 2644 ar-

191 2693 358 2769 gumento
390 2685 432 2751 ab
466 2683 581 2770 aliquo
610 2682 761 2752 insertos
785 2705 874 2765 esse,
899 2695 935 2750 ut
960 2705 1126 2751 numerus
1151 2684 1272 2750 decem
1292 2705 1366 2751 ver·

191 2810 291 2856 suum
339 2790 527 2877 expleatur.
591 2788 663 2858 Sed
710 2792 798 2858 hanc
846 2790 1084 2880 quaestionem
1139 2789 1365 2858 difficiliorem

190 2897 437 2984 praetermitto.
486 2897 571 2964 lllud
602 2899 680 2986 plus
704 2919 780 2965 mea
804 2897 946 2965 interest
969 2898 1044 2966 illos
1068 2919 1203 2978 versus
1239 2896 1365 2986 quibus

192 3003 235 3070 de
251 3003 490 3092 intellegendis
504 3004 627 3072 Nauck
644 3005 855 3094 desperavit,
879 3004 1076 3093 explanare.
1123 3004 1202 3071 Mea
1225 3004 1364 3092 quidem

191 3110 359 3178 sententia
382 3110 479 3178 facile
503 3111 617 3178 sanari
642 3124 799 3199 possunt.

280 3219 313 3307 7)
337 3218 422 3286 Post
436 3220 581 3286 verbum
598 3225 727 3307 ποιητής
751 3241 829 3286 curn
854 3241 923 3286 van
939 3218 1150 3286 Leeuwenio
1174 3217 1363 3306 distinguo.

278 3327 313 3413 8)
337 3327 503 3415 Μεγαρικὸν
527 3327 572 3401 ώς
596 3329 705 3401 ἱκανῶς
728 3325 777 3394 sic
803 3326 929 3393 Aldina
937 3349 945 3407 ;
971 3326 1033 3394 sed
1059 3328 1104 3401 ῶς
1128 3338 1272 3415 propter
1296 3347 1364 3393 me·

191 3444 281 3498 trum
305 3432 537 3500 inducendum
564 3445 626 3504 est.

278 3554 312 3628 9)
337 3541 388 3605 οὑκ
411 3549 471 3604 τῶν
495 3542 643 3605 Λακώνων
666 3541 756 3620 Ald,
790 3545 841 3606 κού
866 3544 916 3605 τὸν
936 3542 1063 3605 Λάκωνα
1087 3540 1220 3621 Nauck,
1247 3561 1364 3628 quarn·

192 3667 295 3733 quam
314 3648 421 3713 verba
445 3647 568 3714 tradita
592 3647 732 3733 intelligi
758 3670 826 3714 non
851 3670 958 3735 posse
974 3647 1051 3714 viro
1076 3648 1181 3714 docto
1205 3647 1261 3713 vix
1285 3667 1362 3712 con-

192 3753 324 3821 cedam.
371 3753 461 3820 Nam
482 3755 591 3843 prima
610 3755 643 3820 in
667 3767 765 3843 parte
790 3777 901 3843 usque
925 3755 969 3821 ad
993 3756 1140 3821 verbum
1160 3758 1228 3839 φησί
1248 3752 1292 3830 id,
1319 3752 1363 3818 de
1465 3798 1469 3803 -

192 3882 261 3947 quo
283 3859 410 3949 aliquid
436 3861 638 3944 declaratur,
664 3861 860 3928 addendum
888 3873 940 3928 est
957 3883 976 3928 e
992 3861 1110 3927 verbis
1134 3857 1364 3927 antecedenti·

190 3968 256 4034 bus
280 3970 294 4030 ὁ
318 3973 457 4055 ποιητής,
490 3969 642 4035 secunda
673 3980 786 4035 autem
818 3967 850 4034 in
882 3980 980 4055 parte
1011 3968 1156 4054 loquens
1191 3965 1364 4033 inducitur

191 4075 234 4140 ab
259 4086 400 4141 auctore
434 4077 485 4139 οὑκ
515 4084 574 4138 τῶν
598 4077 757 4160 Λακώνων,
791 4074 824 4141 id
849 4077 940 4142 esti
964 4078 1079 4139 ἐκτῶν
1103 4075 1252 4139 Λακώνων
1281 4073 1364 4156 ,der

82 4260 84 4264 ι
191 4201 261 4246 von
279 4180 345 4247 den
360 4180 678 4261 Lakedamonierm
703 4181 892 4269 derjenige,
916 4182 1067 4248 welcher
1091 4179 1153 4248 auf
1163 4179 1281 4248 Seiten
1299 4179 1364 4247 der

191 4285 365 4354 Lakonier
396 4290 517 4359 steht.“
568 4287 730 4356 Similiter
764 4289 855 4378 apud
887 4287 1158 4376 Aristophanem
1190 4287 1363 4355 invenitur
