3038 5010
198 436 239 498 aa
717 426 810 510 [rao]

197 626 317 690 tionem
329 619 496 699 iecerunt,¹
509 628 615 684 tamen
627 619 739 704 quibus
751 619 830 684 loeis
843 620 904 683 hoc
917 620 1093 684 adhibitum
1110 622 1159 701 sit,
1176 645 1330 708 quaerere

198 728 380 808 omiserunt,
404 747 468 788 non
498 725 713 808 neglegenter,
747 722 802 786 sed
832 724 977 787 consulto
1008 730 1104 808 atque
1134 725 1201 790 sine
1233 726 1330 792 dubio

196 833 279 914 ideo,
303 830 387 916 quod
410 851 504 914 possa
528 828 662 892 discerni
685 827 857 910 negabant,
887 827 941 891 ubi
970 827 1068 892 thesis
1090 829 1246 913 τρίσημος,
1260 824 1262 829 ’
1276 830 1331 895 ubi

196 958 297 1022 pausa
320 940 402 999 esset
426 931 604 1011 statuenda,
624 953 705 996 unus
728 931 941 1010 Bellermann,
965 931 1061 1016 quod,
1084 933 1110 996 si
1133 939 1242 1018 posset
1267 933 1330 998 dis-

198 1041 293 1123 cerni,
316 1037 388 1104 ‘non
409 1033 549 1101 iuvaret'

299 1143 347 1208 Ae
375 1141 517 1228 profecto
549 1140 649 1226 prima
679 1139 808 1225 quidem
835 1140 941 1224 specie
969 1141 1028 1205 hac
1057 1140 1091 1204 in
1120 1162 1154 1205 re
1186 1143 1331 1208 omnibus

195 1249 317 1313 indiciis
341 1246 483 1310 videmur
500 1266 568 1309 esse
585 1245 737 1310 destituti.
761 1243 844 1309 Nam
861 1266 944 1329 quae
959 1265 1070 1309 norma
1085 1251 1133 1310 est
1149 1247 1330 1326 statuenda,

196 1373 328 1437 pausam
356 1350 415 1414 nisi
438 1356 510 1433 post
534 1349 621 1413 verbi
643 1349 738 1413 finem
761 1348 830 1412 fieri
851 1372 916 1415 non
926 1371 1042 1435 posse,
1073 1369 1142 1413 earn
1172 1350 1330 1415 inversam

197 1456 276 1520 nihil
298 1456 405 1520 valere
428 1474 463 1517 re
485 1453 555 1538 ipsa
577 1459 720 1537 apparet,
742 1474 813 1517 cum
836 1475 901 1517 non
924 1454 964 1516 sit
988 1473 1042 1516 cur
1066 1475 1198 1518 caesura
1215 1455 1330 1538 obstet,

196 1559 364 1645 quominus
387 1557 509 1642 syllaba
531 1578 667 1641 sequens
692 1555 895 1641 producatur.
933 1556 1054 1620 Tamen
1073 1557 1100 1620 si
1116 1579 1180 1621 non
1196 1564 1329 1642 certum,

197 1669 229 1729 at
253 1669 340 1728 certe
362 1661 623 1727 verisimillimum
647 1666 730 1724 esset
752 1682 887 1745 pausam
911 1682 979 1725 esse
995 1661 1207 1743 statuendam,
1231 1663 1258 1727 si
1273 1671 1328 1728 aut

196 1767 344 1854 strophae
369 1771 571 1831 occurrerent
594 1772 650 1829 aut
668 1786 818 1829 versuum
833 1787 961 1850 genera,
976 1765 1007 1829 in
1027 1766 1142 1851 quibus
1162 1767 1253 1831 certis
1274 1773 1330 1830 aut

197 1872 343 1936 omnibus
353 1872 408 1935 ubi
417 1890 556 1955 syncopa
564 1869 598 1933 fit
606 1868 684 1932 locis
694 1870 832 1950 διαίρεσις
844 1877 930 1935 esset
944 1871 1122 1935 observata.
1145 1869 1331 1934 Cuiusmodi

196 1964 267 2040 cum
288 1976 321 2038 in
343 1975 433 2059 poesi
457 1972 652 2038 Graecorum
674 1994 777 2057 nequa
797 1973 947 2058 strophae
963 1995 1066 2059 neque
1081 1975 1114 2037 in
1139 1995 1176 2038 eo
1202 1974 1331 2058 quidem

195 2080 235 2144 de
259 2100 322 2165 quo
346 2079 415 2142 solo
439 2078 563 2162 agimus
586 2097 712 2160 genere,
734 2077 766 2140 in
787 2098 905 2161 genere
931 2076 1064 2162 diplasio
1088 2099 1198 2143 versus
1221 2099 1329 2143 occur-

195 2182 291 2263 rant,2
313 2187 409 2267 poeta
432 2181 566 2245 Latinus
589 2181 733 2244 versibus
757 2203 833 2244 usus
858 2187 915 2261 est,
944 2181 976 2243 in
1001 2182 1114 2267 quibus
1144 2188 1330 2248 constanter

197 2310 235 2354 eo
258 2287 340 2365 loco,
363 2306 426 2369 quo
450 2285 529 2349 arsis
554 2291 601 2349 est
624 2284 758 2365 sublata,
782 2305 913 2349 caesura
935 2285 978 2350 fit.

297 2390 432 2454 Plautus
449 2389 531 2452 enim
547 2410 664 2475 genere
681 2409 829 2452 versuum
846 2395 1103 2473 syncopatorum,
1128 2391 1213 2475 quod
1230 2413 1329 2455 unum

196 2495 383 2579 composuit,
405 2495 450 2558 ita
471 2516 546 2558 usus
570 2500 627 2575 est,
651 2498 746 2557 uteo
771 2493 852 2573 loco,
877 2514 939 2578 quo
963 2493 1041 2558 arsis
1065 2494 1193 2575 excidit,
1216 2516 1327 2559 vocem

195 2598 402 2676 terminaret.3
447 2598 528 2663 Sunt
550 2597 583 2660 hi
606 2618 715 2661 versus
743 2596 867 2662 dimetri
895 2598 1021 2663 iambici
1053 2599 1228 2663 catalectici
1252 2587 1328 2663 'cum

193 2749 336 2814 syncopa
348 2750 456 2794 arseos
467 2729 578 2794 tertiae
592 2719 641 2825 (gv
658 2721 693 2772 ὧ
705 2719 722 2744 υ
739 2723 781 2728 “
795 2702 798 2836 l
813 2728 848 2775 00
864 2724 922 2811 E),
933 2729 987 2813 qui
995 2734 1049 2794 aut
1058 2729 1329 2814 peculiaremver·

192 2859 324 2925 siculum
349 2859 498 2938 efficiunt,
521 2859 611 2923 velut
635 2858 733 2923 Stich.
758 2861 804 2922 dc

498 2962 603 3048 Neque
624 2964 660 3027 c'd
681 2964 786 3048 acopis
810 2962 813 3048 1
829 2965 988 3050 facimus,

192 3076 247 3132 aut
270 3067 409 3152 copulati
435 3072 604 3130 occurrunt
628 3087 697 3129 omn
720 3067 862 3132 dimetria
885 3068 979 3132 iamb.
1004 3068 1187 3132 acatalectis

379 3160 994 3304 (umdmg'mvaapumv-
1035 3183 1140 3288 my)

397 3257 431 3290 υυ
499 3248 535 3291 Uo
602 3252 639 3291 υυ
822 3256 858 3294 w

193 3327 281 3390 velut
304 3323 400 3389 Stich.
423 3326 442 3388 3

278 3428 327 3493 De
346 3429 466 3493 nostris
480 3429 581 3512 fdctis
598 3429 766 3513 adarim-ris,
789 3431 925 3516 quoram
944 3431 1096 3496 alathiae
1113 3427 1117 3515 1
1135 3431 1260 3514 dpauat,

202 3586 405 3596 -ῤ-ψ

292 3693 303 3726 1
327 3690 478 3756 Rossbach,
505 3689 618 3742 (triech.
644 3690 774 3757 Rhythm.
800 3709 826 3758 p.
854 3691 921 3757 1503
948 3690 1090 3743 Rossbach
1117 3707 1143 3742 u.
1172 3682 1326 3770 Westphal‚

190 3778 299 3829 Griach.
318 3777 408 3829 Meua
429 3778 516 3843 praef.
535 3777 605 3843 XX3
625 3777 779 3844 Westphal‚
793 3778 903 3844 Fragm.
916 3777 942 3830 d.
960 3778 1063 3845 griech.
1076 3776 1204 3844 Rhythm.
1218 3793 1244 3843 p.
1258 3777 1324 3848 2623

189 3865 219 3916 L.
238 3865 434 3930 Bellermann‚
461 3863 494 3915 de
520 3864 614 3916 metris
640 3864 798 3931 Sophocleis
825 3872 944 3916 veterum
963 3865 1179 3931 rhythmicorum
1205 3864 1328 3917 doctrina

190 3949 362 4017 explicandis
381 3967 407 4016 p.
428 3951 475 4015 17;
495 3949 656 4012 Goldmann,
676 3952 694 4002 1.
713 3952 728 4002 l.
749 3968 775 4017 p.
794 3950 841 4018 693
861 3949 1074 4013 euristheus
1093 3968 1118 4016 p.
1137 3949 1179 4002 94.

293 4036 353 4087 ²In
372 4052 477 4103 genere
497 4036 636 4103 dactylico
657 4042 765 4089 exstare
784 4053 900 4100 versum,
919 4037 947 4086 in
967 4052 1021 4102 quo
1041 4040 1198 4090 constanter
1213 4053 1327 4091 caesura

189 4124 352 4175 observatur
371 4124 487 4186 coloso,
508 4139 560 4190 quo
581 4122 650 4174 arsis
667 4127 708 4175 ast
721 4138 877 4189 suppressa,
895 4125 1010 4186 constat,
1030 4125 1136 4194 ἐλεγεῖον
1151 4124 1257 4177 scilicet
1269 4124 1326 4178 sive

189 4204 389 4274 pentametrum
410 4208 584 4275 dactylicum.

292 4293 470 4348 ³ofr.dui1.
496 4291 674 4356 Studemund,
700 4294 734 4346 da
759 4295 872 4347 canticis
898 4294 1034 4347 Plautinis
1053 4314 1079 4363 p.
1097 4295 1209 4351 29m33.
1248 4296 1326 4350 Idem

189 4381 216 4432 in
235 4381 379 4448 Festgruss
398 4380 447 4433 der
466 4381 569 4447 philol.
589 4381 739 4434 Gosellsch.
759 4398 792 4435 zu
811 4382 968 4454 Wiirzburg
987 4381 1078 4450 (1868)
1096 4401 1122 4455 p.
1140 4382 1250 4444 53-55.
