3038 5010
645 284 856 348 ..36-

189 479 234 543 At
263 479 400 542 fortasse
445 476 574 541 omnino
604 475 744 540 alienum
772 480 822 540 est
847 475 910 538 hoo
937 473 1156 558 fragmentum
1187 470 1228 535 ab
1255 469 1324 536 illis

188 583 299 646 metris
323 587 420 667 atque
445 581 491 644 sio
513 582 620 666 potius
644 579 867 643 dividendum:

190 790 229 853 de
253 811 316 873 qua
338 789 441 853 forma
463 789 547 852 infra
569 788 674 852 dicam
688 787 738 862 ad
761 786 878 851 Aesoh.
904 787 1011 851 Prom.
1032 787 1209 849 raa-135.
1250 841 1251 844 ,

274 962 428 1027 Fortasse
461 962 524 1025 huo
556 962 697 1048 pertinet
720 959 867 1024 Tnnusurs
896 980 1023 1045 quoque
1048 957 1266 1043 fragmentum
1293 961 1323 1038 5,

192 1067 279 1151 quod
302 1068 347 1129 ita
368 1066 490 1149 legitur
512 1067 545 1129 in
568 1065 672 1129 libris:

344 1169 477 1254 Πρῶτοι
501 1163 594 1254 παρὰ
617 1168 781 1256 κρατῆρας
799 1160 958 1230 Ἑλλάνων
981 1162 1013 1228 ἐν
1035 1153 1149 1241 αὗλοῖς

344 1270 527 1338 συνοπαδοὶ
551 1267 710 1350 Πέλοπος
731 1264 855 1356 ματρὸς
878 1264 987 1354 ὀρείας

349 1371 489 1462 Φρύγιον
512 1369 625 1441 ἄεισαν
647 1369 760 1460 νόμον·

343 1477 395 1544 τοὶ
419 1477 453 1543 δ’
470 1472 651 1566 ὀξυφώνοις
673 1474 842 1565 πηκτίδων
865 1476 1013 1562 ψαλμοῖς
1035 1471 1147 1559 κρέκον

343 1577 473 1649 Λύδιον
495 1577 603 1667 ὕμνον.
678 1622 681 1629 ·

189 2030 346 2116 Epitritos
373 2031 433 2094 hos
461 2053 575 2095 versus
603 2051 675 2094 esso
702 2032 805 2094 voluit
833 2030 991 2094 Christius
1019 2028 1163 2092 Metrik¹
1191 2049 1223 2112 p.
1251 2026 1325 2104 166,

191 2140 223 2198 at
246 2136 362 2198 melius
386 2137 431 2198 sio
454 2137 705 2219 coniunguntur,
730 2142 765 2199 ut
788 2136 909 2221 primus
933 2156 1045 2198 versus
1069 2138 1143 2218 post
1167 2128 1323 2208 Πέλοπος

190 2239 329 2320 finiatur,
353 2239 516 2303 secundus
539 2245 613 2325 post
635 2234 749 2323 νόμον;

192 2674 386 2739 quamquam
419 2654 663 2718 eoncedendum
688 2661 739 2718 est
761 2661 891 2739 poetam
918 2673 1021 2736 paene
1053 2653 1211 2736 migrasse
1242 2650 1324 2714 fines

193 2757 437 2838 licentiarum.¹)

278 2928 330 2991 EX
353 2950 526 2994 COMICORUM
549 2951 736 2994 FRAGMENTIS
759 2929 840 2993 haec
862 2930 988 2993 notavi:

612 3049 741 3115 Ounruu
764 3050 801 3114 fr.
829 3054 901 3114 172:

164 3236 167 3241 ¹
192 3155 310 3248 ἄνδρας
341 3163 464 3250 σοφοὺς
494 3158 553 3250 χρὴ
583 3157 621 3227 τὸ
655 3157 761 3247 παρὸν
794 3163 930 3249 πρᾶγμα
964 3163 1070 3241 καλῶς
1103 3158 1150 3240 εἰς
1184 3154 1323 3243 δύναμιν

1059 3263 1236 3331 τίθεσθαι·

191 3457 248 3520 ubi
270 3499 388 3536 ,,,,,
411 3500 520 3524 -oo-
548 3460 582 3521 in
610 3459 701 3521 initio
732 3479 846 3522 versus
875 3459 1010 3542 legitur,
1044 3476 1239 3540 quamquam
1271 3455 1322 3519 in-

193 3567 317 3625 oertum
341 3568 401 3642 est,
425 3584 501 3625 num
523 3563 652 3627 initium
675 3564 736 3628 hoo
757 3563 855 3629 fuerit
878 3562 1039 3646 strophae.

277 3664 430 3729 Fortasse
464 3667 563 3729 etiam
593 3666 768 3751 fragmenti
799 3670 859 3730 240
887 3666 1010 3752 primus
1045 3686 1160 3729 uersus
1188 3662 1237 3726 his
1264 3663 1322 3727 ad-

192 3768 411 3832 numerandus
437 3775 501 3833 est:

264 3882 379 3966 στάσις
402 3887 516 3955 δὲκαὶ
538 3885 757 3977 πρεσβυγενὴς
777 3884 903 3973 Κρόνος
925 3880 1095 3976 ἀλλήλοισι
1117 3885 1260 3974 μιγέντε,·

193 4010 251 4074 sed
287 4032 358 4074 oum
390 4018 493 4075 totum
525 4013 743 4097 fragmentum
775 4011 862 4074 vario
895 4010 990 4074 modo
1021 4009 1178 4095 explicari
1206 4009 1323 4095 possit,

192 4113 324 4177 dubium
349 4120 409 4196 est,
432 4137 508 4178 num
530 4123 619 4179 recte
643 4114 705 4178 hoo
729 4115 799 4177 loeo
824 4121 1103 4180 commemoretur.

264 4273 283 4336 ¹)
302 4268 470 4335 Bernhardy,
491 4269 595 4338 grieoh.
615 4267 928 4336 Litteraturgesohiahte
947 4269 981 4331 II,
1002 4269 1040 4320 1²
1059 4287 1085 4337 p.
1104 4269 1161 4322 757.
