3038 5010
640 533 861 602 ,52-

254 707 460 793 „Blanditias
483 708 556 776 sera
580 707 676 777 Mors
700 707 848 777 Veneris
872 708 1044 798 persensit
1067 709 1218 778 amando

324 815 485 885 Permisit
509 815 631 885 solitae
655 838 718 884 nec
741 816 855 905 Styga
880 815 1043 887 tristitiae.

252 922 426 992 Tristitiae
449 921 565 1011 Styga
589 945 652 991 nec
675 923 796 992 solitae
821 924 976 1014 permisit
1000 924 1149 992 amando

325 1029 502 1099 Persensit
526 1029 673 1099 Veneris
697 1030 793 1099 Mors
818 1031 891 1099 Iera
915 1030 1128 1111 blanditias“‚

164 1150 198 1205 et
219 1150 349 1216 cetera;
382 1138 436 1205 vel
462 1159 601 1204 carmen
626 1136 718 1225 XIII,
753 1138 848 1226 quod
873 1150 984 1206 metro
1008 1160 1053 1206 ex
1077 1135 1339 1227 penthemimeri

164 1243 308 1312 iambica
333 1257 367 1311 et
392 1256 624 1311 anacreonteo
649 1245 756 1314 mixto
782 1245 1016 1333 componitur:

328 1352 513 1440 „Princeps
538 1353 646 1433 beate,
672 1352 808 1441 placido
832 1353 898 1420 sub
923 1374 988 1420 axa
1012 1351 1172 1420 iamnunc

325 1459 426 1527 Iustis
450 1481 575 1527 serene
598 1459 735 1548 populis
760 1459 900 1527 favente
924 1460 1072 1528 mundo“

166 1565 225 1653 qui
250 1588 375 1633 versus
399 1577 582 1633 recurrunt
605 1564 669 1633 sic:

328 1672 511 1758 „Iamnunc
535 1676 602 1742 sub
627 1697 691 1742 axe
717 1674 863 1763 placid0‚
888 1674 989 1742 beate
1013 1673 1174 1763 princeps

325 1780 458 1846 Mundo
482 1779 622 1849 favente
645 1781 783 1871 populis
807 1803 932 1849 serene
956 1780 1084 1849 iustis.“

167 1888 245 1955 Alia
277 1888 434 1975 exempla
468 1911 512 1954 ex
542 1887 776 1975 grammaticis
802 1888 931 1956 Latinis
956 1888 1078 1956 collata
1101 1888 1231 1956 addidit
1255 1886 1339 1959 Luc.

116 2050 118 2055 .
166 1995 309 2063 Mueller
323 1994 462 2062 editioni
479 2018 564 2062 suae
580 2017 726 2084 p.3rsq.
774 1995 868 2066 Sane
892 1997 977 2064 tales
998 1997 1095 2064 lusus
1119 1994 1244 2084 poetici
1260 2005 1342 2063 sunt

167 2102 303 2171 vetusti.
351 2102 784 2170 AdmoneturaMueIIero
809 2104 853 2170 de
877 2102 939 2171 illis
964 2102 1124 2171 versibus
1148 2100 1277 2170 nomini
1290 2100 1341 2170 Si·

167 2209 313 2277 monidis
339 2208 535 2290 addictis¹lt

328 2336 434 2400 Μοῦσά
458 2360 504 2418 μοι
524 2337 698 2422 Ἀλκμήνης
720 2338 920 2425 καλλισφύρου
946 2338 1004 2401 υἱὸν
1029 2336 1114 2406 ἄειδε.

328 2444 386 2506 υἱὸν
406 2445 574 2529 Ἀλκμήνης
599 2443 674 2507 ἄειδε
698 2443 805 2508 Μοῦσά
829 2468 876 2527 μοι
900 2446 1099 2533 καλλισφύρου

168 2568 295 2657 quibus
319 2569 480 2636 versibus
503 2566 714 2636 Timocreon
739 2568 941 2659 rescripisse
966 2568 1089 2637 dicitur
1112 2568 1175 2637 ita:

383 2694 461 2779 Κηΐα
485 2719 520 2778 με
544 2696 696 2784 προσῆλθε
721 2697 851 2784 φλυαρία
873 2696 925 2759 οὐκ
947 2696 1100 2759 ἐθέλοντα.

381 2803 433 2866 οὐκ
461 2803 604 2866 ἐθέλοντά
628 2826 663 2886 με
687 2803 839 2890 προσῆλθε
862 2801 942 2888 Κηϊα
965 2804 1108 2890 φλυαρία;

168 2926 226 3014 qui
257 2932 391 2995 versus'
412 2925 630 2994 continentur
658 2925 853 3014 fragmento
880 2924 940 2992 VII
964 2925 1205 2995 Timocreonis
1229 2925 1261 2994 in
1286 2947 1342 2994 an·

168 3033 323 3122 thologia
347 3032 465 3122 lyrica.

256 3140 430 3208 Versuum
465 3153 578 3208 autem
605 3140 863 3229 reciprocorum
889 3139 1020 3208 Marius
1055 3138 1255 3208 Victorinus
1283 3139 1341 3229 (G.

168 3248 207 3320 L.
231 3248 279 3314 VI
303 3270 334 3336 p.
350 3269 421 3337 113,
448 3247 535 3334 Keil)
559 3246 622 3315 tria
647 3269 777 3335 genera
802 3260 999 3314 enumerat:
1027 3247 1117 3333 „Qui
1141 3261 1194 3316 est
1217 3260 1342 3315 retror-

167 3378 244 3423 sum
277 3355 358 3421 dum
384 3354 557 3441 leguntur,
591 3356 697 3442 longe
722 3355 812 3423 aliud
837 3367 983 3422 metrum
1009 3377 1052 3422 ex
1076 3376 1116 3423 se
1140 3365 1341 3444 procreant;

168 3474 222 3532 est
246 3464 325 3530 item
351 3462 441 3529 aliud
467 3484 590 3549 genus,
625 3464 720 3550 quod
752 3464 783 3530 in
810 3462 954 3530 eandem
981 3484 1177 3530 mensuram
1203 3461 1343 3530 reverti·

169 3583 223 3638 tur
232 3593 240 3651 ;
266 3583 319 3638 est
343 3569 443 3638 etiam
470 3570 559 3638 aliud
585 3571 753 3659 reciproci
777 3593 900 3658 genus,
926 3570 1020 3656 quod
1045 3591 1115 3636 non
1141 3592 1203 3659 per
1226 3568 1342 3658 singu·

168 3679 221 3746 Ios
245 3699 371 3745 versus
395 3677 493 3759 redit,
518 3679 580 3745 sed
598 3700 661 3766 per
685 3690 794 3745 totum
821 3679 990 3765 elegum.“
1038 3675 1203 3745 Ultimum
1229 3698 1343 3766 genus

169 3797 322 3873 apparet,
348 3798 384 3852 ut
408 3785 604 3874 exemplum
630 3785 783 3868 afferam,
809 3785 841 3852 in
867 3785 923 3853 iIIo
940 3782 1092 3851 carmine
1107 3782 1260 3853 XXVIII
1273 3783 1343 3873 Op

169 3892 284 3960 tatiani
299 3891 448 3981 Porfyrii
465 3915 571 3981 supra
596 3893 709 3965 allato,
756 3892 910 3962 Secundi
934 3903 1047 3958 autem
1073 3891 1213 3978 generis
1237 3902 1291 3959 est
1313 3889 1343 3959 Is

168 4001 347 4089 prologus,
370 4001 498 4089 dequo
513 3999 579 4087 egi.
627 3999 832 4089 Exemplum
845 3999 946 4088 primi
962 3998 1102 4086 generis
1119 3998 1222 4067 offert
1238 3996 1343 4083 Quin·

168 4106 304 4176 tilianus
321 4107 382 4190 IX,
407 4132 438 4196 4,
463 4130 507 4196 90
524 4108 582 4175 ubi
599 4107 695 4174 dicit:
723 4106 903 4194 „Plerique
923 4107 1012 4174 enim
1038 4128 1082 4174 ex
1105 4104 1343 4175 commissuris

167 4237 289 4283 eorum
315 4214 371 4282 vel
397 4213 565 4282 divisione
589 4213 675 4282 fiunt
698 4215 820 4303 pedes:
856 4212 939 4299 Quo
968 4214 1066 4281 litut
1089 4212 1199 4282 isdem
1224 4211 1342 4282 verbis

259 4376 279 4448 ¹)
299 4375 533 4446 Hiller-CrusiuS,
552 4377 661 4432 anthol.
680 4375 780 4449 lyrica,
799 4374 854 4447 srg.
875 4375 926 4448 165
945 4373 1113 4432 Simonidis.
