3038 5010
174 405 213 468 16
563 407 656 481 John
680 408 850 472 Williams
872 408 977 472 White

193 610 231 649 560
251 593 391 669 δελφίνων
410 594 514 671 μεδέων
535 596 715 675 Σουνιάρατε,
944 613 970 652 1⁰
990 625 1071 656 ...υ
1094 624 1175 656 υ..υ
1198 602 1259 656 υ.ῦ

252 692 273 752 ὦ
293 694 440 772 Γεραίστιε
460 704 511 756 παῖ
531 696 656 774 Κρόνου,
991 704 1072 756 .ῦ.υ
1095 723 1177 755 υ.υ.

250 795 395 871 Φορμίωνί
412 820 443 854 τε
465 795 581 870 φιλτατ’
602 800 634 855 ἐκ
990 803 1071 854 .ῦ.υ
1095 823 1190 853 υ.υ.-

250 896 307 955 τῶν
327 895 424 954 ἄλλων
443 920 475 954 τε
496 895 566 956 θεῶν
585 894 671 974 Ἀθη·
989 923 1070 954 ...υ
1094 923 1189 952 υ.υ.-

251 993 337 1057 ναίοις
359 996 430 1071 πρὸς
452 997 486 1055 τὸ
507 995 662 1072 παρεστός.
991 1023 1071 1052 ...υ
1095 1001 1155 1052 υ.ῦ

211 1177 259 1237 Cf.
274 1177 326 1236 the
345 1177 490 1235 scholium
511 1178 541 1235 in
563 1180 606 1236 V:
639 1176 734 1253 διπλῆ,
758 1176 818 1237 εἶτα
842 1177 975 1256 ἐπάγεται
999 1177 1204 1253 ἔτιρρηματικὴ
1229 1175 1363 1255 συζυγία,

168 1273 202 1353 ἧς
227 1277 257 1334 οἱ
281 1277 333 1351 μὲν
356 1276 468 1351 μελικαὶ
497 1277 688 1357 (Thiemann,
713 1276 788 1354 μέλη
813 1276 859 1335 καὶ
883 1278 926 1353 V)
955 1275 1081 1352 περίοδοί
1102 1279 1158 1334 εἶσι
1182 1272 1220 1334 ιδ’
1245 1276 1362 1336 κώλων·

169 1377 204 1435 τὸ
231 1378 344 1452 πρῶτον
371 1377 560 1454 χορυαμβικὸν
587 1377 723 1454 ῖομβικην
747 1377 813 1455 ἔχον
841 1375 1060 1455 ἔτιμεμιγμένην
1083 1375 1290 1452 ἅκατάληκτον,
1317 1374 1365 1434 καὶ

170 1477 204 1535 τὸ
229 1473 265 1551 β’
289 1475 386 1550 ὅμοιον
409 1477 616 1553 άκατάληκτον,
641 1475 687 1533 καὶ
711 1478 746 1535 τὸ
770 1473 797 1555 γ’
821 1475 866 1534 καὶ
887 1477 921 1535 τὸ
943 1472 970 1534 δ’
990 1475 1097 1550 ὅμοιον,
1121 1474 1167 1533 καὶ
1188 1476 1222 1534 τὸ
1243 1472 1264 1533 ε’
1284 1499 1364 1554 χορι-

168 1576 293 1650 αμβικὸν
320 1574 526 1652 καταληκτικόν
554 1575 744 1653 (Thiemann,
774 1576 971 1651 ἂκατάληκτον
994 1574 1049 1650 V),
1075 1573 1121 1632 καὶ
1148 1576 1182 1634 τὸ
1210 1571 1235 1642 ς’
1259 1570 1304 1632 καὶ
1327 1575 1365 1635 τὸ

169 1672 198 1746 ζ’
225 1675 422 1751 άκατάληκτον
451 1674 564 1752 (ὅμοιον
586 1674 642 1751 V),
668 1674 713 1733 καὶ
741 1675 775 1734 τὸ
804 1671 830 1751 η’
857 1673 1074 1751 καταληκτικάν,
1102 1675 1135 1734 τὸ
1165 1672 1193 1732 δῖ
1223 1671 1252 1732 θ’
1276 1672 1321 1732 καὶ
1346 1670 1365 1733 ι’

168 1775 379 1834 άντισταστικα
402 1773 537 1850 τρίμετρα
562 1775 754 1851 καταληκτικὰ
777 1774 969 1853 (Thiemann,
992 1773 1037 1832 καὶ
1061 1775 1095 1833 τὸ
1116 1769 1143 1850 η’
1166 1774 1365 1851 ἀκατάληκτον

169 1874 214 1932 καὶ
243 1875 277 1934 τὸ
307 1871 348 1947 θ’,
376 1874 409 1933 τὸ
439 1872 468 1931 δὲ
498 1871 515 1932 ι’
544 1875 745 1933 ἀναπαιστικὸν
773 1873 923 1950 τρίμετρον
954 1875 1158 1950 καταληκτικὸν
1186 1872 1241 1949 V),
1267 1873 1304 1932 τὰ
1333 1872 1364 1932 δὲ

168 1974 256 2033 λοιπὰ
285 1971 311 2031 δ’
339 1974 547 2032 άντισπαστικᾶ
577 1972 691 2049 δίμετρα
716 1974 907 2053 (Thiemann‚
929 1974 1118 2031 άναπαιστικὰ
1146 1972 1283 2049 τρίμετρα
1305 1974 1363 2050 V),

167 2073 233 2150 τρία
260 2074 312 2148 μὲν
336 2073 504 2146 Γλυκώνεια,
532 2073 566 2132 τὸ
593 2077 753 2131 τελευταῖον
780 2071 810 2130 δὲ
837 2073 1047 2148 Φερεκράτειον.
1092 2073 1157 2130 The
1181 2072 1363 2131 corrections

167 2191 217 2231 are
231 2173 361 2231 obvious
406 2173 452 2231 Cf.
469 2173 518 2231 the
533 2171 640 2229 Aldine
655 2172 816 2231 scholium:
848 2170 945 2246 διπλῆ,
970 2171 1029 2230 εἶτα
1050 2172 1185 2258 έπάγεται
1206 2174 1362 2249 ἐπιρρημά-

167 2273 232 2349 wo)
257 2271 376 2349 συζυγία
401 2268 434 2348 ἧς
460 2271 572 2346 μιλικαὶ
598 2270 688 2349 (μέλη
713 2270 758 2329 καὶ
783 2271 867 2347 Ald.)
892 2269 1019 2347 περίοδοί
1041 2274 1096 2330 εἶσι
1120 2269 1158 2330 ιδ’
1179 2270 1293 2330 κώλων·
1325 2268 1364 2332 ὧν

167 2373 204 2430 τὰ
224 2372 275 2445 μὲν
293 2371 368 2430 ὀκτὼ
389 2371 563 2449 χορυαμβικὰ
583 2371 719 2446 ῖομβικὴν
739 2371 841 2449 ἔχοντα
863 2369 1080 2448 ἔπιμεμιγμένην
1099 2372 1297 2447 άκατάληκτον
1316 2371 1363 2430 καὶ

168 2472 376 2548 καταληκτικὴν
400 2468 434 2532 ὥς
460 2473 491 2529 έν
514 2473 555 2547 τῷ
579 2468 599 2528 ε’
623 2469 668 2527 καὶ
691 2468 727 2547 η’.
772 2473 828 2529 τῶν
852 2468 880 2528 δ’
905 2467 969 2544 ἑξῆς
996 2472 1226 2529 άντισπαστικῶν
1250 2472 1286 2529 τὰ
1309 2472 1364 2545 μὶν

168 2568 198 2630 θ’
217 2570 262 2629 καὶ
281 2567 298 2629 ί
316 2570 451 2646 τρίμετρα
472 2571 673 2646 καταληκτικά,
695 2572 731 2628 τὰ
752 2568 780 2627 δὲ
802 2570 889 2628 λοιπὰ
910 2568 1025 2645 ὃίμετρα
1046 2571 1227 2647 άκατάληκτα
1246 2570 1361 2630 Γλυκῶ-

167 2695 224 2730 νεια
249 2669 410 2748 διτροχαίου
435 2668 479 2727 καὶ
504 2667 636 2743 διυάμβου
662 2671 783 2746 (ἰάμβου
803 2669 888 2746 Ald.)
914 2673 991 2745 πλὴν
1012 2672 1062 2727 τοῦ
1087 2670 1249 2728 τελευταίου
1270 2669 1361 2749 ἔφθη-

166 2773 311 2845 μιμεροῦς,
340 2766 356 2828 ὃ
380 2774 505 2828 καλεῖται
529 2769 738 2845 Φερεκράτειον.
785 2769 828 2845 By
849 2768 907 2827 this
931 2768 1148 2840 classification,
1170 2769 1237 2828 cola
1258 2790 1286 2844 9,
1312 2788 1360 2843 10,

166 2888 217 2928 are
240 2869 395 2927 catalectic
419 2869 590 2943 antispastic
616 2869 770 2938 trimeters,
794 2887 826 2925 as
851 2869 880 2925 in
907 2868 989 2926 Eccl.
1011 2883 1069 2942 917
1084 2892 1121 2922 =
1136 2888 1194 2943 923
1221 2871 1266 2949 (p.
1292 2868 1361 2947 19).

167 2968 374 3044 Hephaestion
396 2967 562 3042 designates
585 2968 635 3025 the
658 2967 771 3025 middle
793 2986 900 3044 syzygy
922 2967 954 3025 of
975 2968 1047 3026 such
1071 2979 1179 3027 metres
1198 2987 1230 3027 as
1252 2967 1362 3046 καθαρὰ

165 3067 376 3143 ἀντισταστική
405 3070 472 3149 (32,¹
496 3082 530 3140 17
548 3066 599 3142 ά).
642 3067 707 3124 The
735 3067 907 3125 acatalectie
936 3067 1012 3124 form
1040 3067 1065 3125 is
1094 3069 1144 3126 the
1173 3069 1361 3128 well-known

165 3165 694 3245 Asclepiadean(Heph.34‚1ff.).
737 3167 811 3223 Weil
832 3166 979 3224 classified
999 3168 1065 3224 cola
1087 3186 1116 3241 9,
1138 3186 1174 3227 10
1195 3186 1227 3226 as
1249 3168 1359 3228 Ionios.

165 3269 221 3327 See
237 3267 371 3325 Bulletz'n
390 3268 424 3323 de
442 3267 686 3341 correspondance
701 3265 884 3340 Helle‘m'que,
898 3267 971 3323 XIX
990 3268 1117 3345 (1895),
1132 3285 1163 3343 p.
1177 3266 1261 3340 411.1
1303 3270 1361 3328 See

165 3369 226 3426 also
254 3386 313 3425 von
342 3366 541 3436 WiIamowitz,
570 3366 829 3439 Sitzungsbericlzte
857 3367 910 3422 der
935 3366 1016 3423 Kbn.
1041 3367 1159 3425 Pxeuss.
1183 3368 1283 3425 Akad.
1308 3369 1363 3426 der

172 3465 422 3539 Wssensclzaflen,
437 3485 524 3539 1902,
540 3483 570 3540 p.
586 3467 656 3538 894.
700 3465 757 3522 But
770 3465 793 3522 ii
806 3483 849 3522 we
865 3465 933 3522 take
948 3466 999 3523 the
1013 3466 1141 3525 variable
1155 3466 1247 3525 forms
1261 3468 1294 3525 of
1309 3468 1360 3528 the

165 3568 227 3626 first
240 3568 305 3624 ioot
320 3566 349 3622 in
364 3564 534 3640 antispastic
549 3573 642 3621 metre
658 3564 721 3621 into
735 3575 872 3635 account,
886 3565 965 3622 what
985 3565 1059 3623 shall
1079 3566 1118 3624 be
1138 3566 1199 3624 said
1215 3567 1245 3625 in
1259 3568 1359 3643 expla-

165 3667 267 3724 nation
278 3667 310 3723 of
325 3666 409 3723 Ionio
425 3676 533 3722 metres
547 3664 577 3720 in
587 3664 682 3721 which
695 3664 745 3721 the
760 3664 821 3721 first
834 3654 900 3721 iooi
914 3664 1053 3722 becomes
1076 3693 1136 3722 υ..
1158 3683 1192 3723 or
1213 3694 1283 3738 .υ.,
1305 3678 1360 3726 not

164 3777 197 3824 to
207 3766 341 3824 mention
353 3765 403 3822 the
414 3763 543 3839 possible
566 3791 647 3819 υυυ.
669 3781 702 3820 or
717 3780 791 3819 even
815 3765 894 3820 ou.?
937 3764 1001 3822 The
1013 3783 1093 3823 same
1103 3764 1227 3841 analysis
1237 3766 1358 3841 applied

165 3876 196 3923 to
213 3866 302 3923 colon
320 3884 356 3937 14
377 3864 442 3940 (the
462 3862 648 3920 well-known
672 3862 901 3937 Pherecratean)
919 3862 1015 3921 would
1037 3864 1102 3940 give
1123 3883 1163 3922 an
1183 3865 1360 3926 acatalectie

166 3965 249 4023 ionic
264 3964 391 4023 dimeter
410 3967 486 4043 (...
509 3960 606 4036 ιτα-Ξ)
625 3961 738 4036 ciosing
752 3980 770 4018 a
784 3960 899 4035 period.

208 4196 214 4225 ¹
233 4199 357 4262 Compare
368 4196 407 4244 his
419 4182 512 4243 Etudes
523 4195 551 4242 de
562 4193 704 4241 litle'rature
715 4194 775 4240 etde
787 4193 1066 4259 rhythmiquegrecques
1079 4195 1185 4261 (1902),
1197 4213 1224 4262 p.
1237 4207 1286 4263 205
1298 4198 1318 4249 i.
