3038 5010
664 452 883 519 ,13-

277 637 309 719 3)
334 627 514 698 CodiceV
540 628 700 696 traditum
726 639 779 695 est
802 626 961 716 ἐξὲτρερον
984 627 1111 716 όρνιθες,
1137 626 1262 713 quibus
1288 647 1360 693 ver-

189 737 242 804 bis
274 758 398 804 sensus
430 736 546 815 deest;
579 735 851 822 exspectandum
884 746 937 800 est
967 732 1124 822 ἐξὲτρερεν
1155 735 1301 822 κάνθαρον
1326 744 1363 800 ut

189 842 366 912 Nauckius
391 855 483 910 recte
507 841 597 919 dicit,
622 842 683 908 sed
712 839 881 927 Dindorfii
912 840 1145 908 coniecturam
1170 837 1361 907 facillimam

189 951 344 1041 ἐξέτρερεν
369 951 458 1040 ὄρνιθ’
484 972 561 1016 cum
581 948 738 1017 Nauckio
764 947 903 1037 recipio,
950 946 1038 1014 Nam
1065 968 1126 1014 cur
1150 947 1361 1014 scarabaeus

189 1057 357 1124 hocloco
382 1078 459 1123 cum
485 1077 551 1123 ave
575 1066 804 1143 comparetur,
830 1052 1048 1121 manifestum
1074 1066 1138 1122 est.

277 1172 309 1252 5)
335 1163 457 1231 Nullus
489 1184 614 1230 sensus
645 1163 733 1230 inest
758 1161 836 1229 huic
861 1161 987 1241 versui,
1020 1173 1057 1227 ut
1080 1183 1158 1228 eum
1184 1160 1214 1226 in
1242 1158 1361 1226 codice

190 1272 220 1339 V
241 1271 405 1360 seriptum
422 1271 598 1338 videmus:
624 1273 673 1335 τόν
689 1270 827 1352 Πόλεμον
852 1271 995 1358 βρόθητοι
1019 1273 1226 1358 ἀπηρτημένον
1250 1272 1361 1356 ἀέριος,

189 1401 277 1466 quae
292 1377 380 1445 inter
395 1379 505 1445 verba
522 1399 593 1478 vpx
611 1379 755 1467 βρόθηται
772 1374 912 1442 omnino
930 1374 1022 1442 nihili
1039 1386 1101 1446 est.
1135 1373 1361 1442 Desanando

188 1507 293 1552 versu
329 1506 451 1552 omnes
487 1483 559 1550 fere
587 1482 744 1550 homines
778 1480 870 1549 docti
906 1481 1191 1569 desperaverunt.
1239 1480 1361 1549 Nauck

188 1591 284 1659 solus
308 1591 477 1659 medelam
502 1589 681 1680 proponit:

445 1736 495 1798 τὸν
520 1735 656 1818 Πόλεμον
679 1737 709 1799 ἐν
734 1736 816 1823 βυθῷ
838 1735 864 1799 τ’
890 1737 1105 1823 ἀπῃωρημὲνον

446 1841 547 1930 ἅερος,

189 1965 259 2034 Sed
282 1967 393 2033 verbo
420 1968 514 2050 βυθός
538 1988 602 2055 pro
628 1965 805 2034 usitatiore
830 1968 939 2052 βένθος
963 1965 1177 2052 significatur
1201 1963 1377 2032 omnibus-

188 2071 259 2139 fere
284 2073 378 2153 lociS,
404 2073 530 2160 quibus
555 2073 656 2141 nobis
680 2073 840 2154 occurrit,
865 2094 960 2139 mare
978 2071 1197 2161 profundum.
1246 2069 1360 2156 Quam

190 2180 234 2245 ob
264 2201 336 2246 rem
371 2179 451 2246 illud
482 2181 627 2247 verbum
658 2181 709 2248 his
734 2180 895 2248 versibus
924 2179 1043 2246 indere
1067 2177 1198 2246 dubito.
1246 2178 1360 2245 Malim

189 2287 276 2353 illam
291 2286 433 2354 Nauckii
448 2287 679 2354 coniecturam
694 2288 797 2375 paulo
812 2299 975 2354 mutatam
991 2285 1147 2375 accipere
1159 2307 1361 2373 proponens
1374 2336 1377 2341 -

466 2414 516 2477 τὸν
539 2413 676 2497 Πόλεμον
701 2416 839 2499 οἰκισθήν’
864 2417 1080 2501 ἀπρωρημένον

467 2521 558 2610 depos

190 2643 319 2711 collatis
332 2644 492 2712 versibus
505 2667 571 2732 204
578 2688 607 2695 --
617 2667 683 2734 209
695 2645 802 2735 ipsius
817 2644 963 2727 fabulae,
990 2667 1059 2733 quo
1077 2645 1154 2711 loco
1168 2643 1361 2711 Mercurius
1374 2693 1377 2697 >

190 2750 319 2817 Bellum
351 2773 370 2817 a
401 2752 475 2818 deis
508 2752 538 2817 in
573 2764 687 2819 aerem
719 2752 905 2820 deductum
938 2773 1016 2818 esse
1040 2750 1208 2839 Trygaeo
1233 2762 1360 2819 narrat.

278 2863 484 2946 ἀπηρτημένον
500 2858 548 2946 V3
574 2871 767 2927 correctum
791 2871 844 2927 est
868 2859 898 2924 in
925 2863 1149 2948 ἀπῃωρημένον,
1175 2858 1268 2944 quod
1288 2879 1361 2924 ver-

189 2965 269 3030 bum
294 2964 383 3032 idem
410 2966 510 3045 valet,
536 2978 681 3055 propter
705 2979 862 3035 metrum.

277 3072 309 3159 6)
332 3071 575 3140 Nominativus
606 3078 706 3163 ἀέριος
736 3073 869 3141 servari
894 3096 963 3140 non
989 3084 1113 3161 potest,
1148 3073 1240 3158 quod
1268 3070 1361 3137 omni

190 3199 294 3245 sensu
314 3192 406 3245 caret
423 3180 489 3245 hoc
514 3179 609 3259 loco;
635 3181 720 3247 atsi
744 3180 927 3249 scribimus
951 3180 1042 3269 όερος
1066 3178 1256 3265 genitivum
1283 3201 1361 3266 pen-

190 3285 326 3352 dentem
352 3309 372 3352 a
395 3308 484 3353 voce
509 3293 733 3378 ᾶπορορημένον,
765 3310 855 3375 quae
885 3288 957 3355 fere
981 3286 1172 3374 respondet
1195 3285 1274 3353 voci
1298 3297 1361 3352 tra-

191 3391 279 3459 ditae
296 3397 513 3482 ἀπηρτημὲνον,
538 3395 638 3462 etiam
658 3397 819 3462 mendum
837 3394 1014 3462 metricum
1032 3415 1157 3460 versus
1173 3394 1195 3459 6
1212 3393 1361 3460 evanuit.

189 3498 275 3566 Nam
308 3501 336 3566 si
369 3500 516 3587 legimus
549 3507 649 3590 ἀέριος
681 3505 805 3585 ἕτοιμον,
837 3513 1045 3590 anapaestus
1069 3499 1163 3568 sedis
1187 3499 1377 3567 secundae

190 3606 362 3693 dactylum
397 3607 491 3674 sedis
523 3609 654 3695 primae
682 3609 846 3694 sequitur,
879 3631 980 3696 quarn
1007 3605 1283 3674 coniunctionem
1308 3605 1360 3672 ali·

191 3711 266 3798 quis
297 3713 328 3779 in
361 3713 628 3801 Aristophaneis
660 3714 819 3782 trimetris
849 3715 976 3782 frustra
1009 3725 1169 3802 quaerat;
1207 3711 1246 3779 cf.
1272 3733 1360 3778 com·

190 3818 392 3886 mentarium
418 3821 589 3908 Rumpelii
620 3822 665 3889 de
695 3824 850 3890 trimetro
875 3820 1119 3909 Aristophanis
1144 3820 1261 3887 Philol.
1293 3819 1360 3891 vol.

190 3925 342 3993 XXVlll
358 3928 474 4014 p.622.
524 3928 661 4012 Quibus
678 3930 883 3997 coniecturis
907 3927 1066 3996 admissis
1091 3949 1232 3995 sensum
1258 3937 1361 4014 atque

191 4046 336 4099 metrum
362 4048 455 4100 recte
478 4057 517 4101 se
539 4036 668 4103 habere
692 4049 786 4123 put0.

277 4142 311 4227 8)
336 4152 414 4206 ποεῖν
439 4144 540 4209 codd.
566 4142 698 4212 Versus
723 4143 782 4225 sic,
807 4157 844 4211 ut
868 4141 1013 4209 traditus
1038 4154 1100 4222 est,
1125 4153 1269 4230 propter
1293 4162 1360 4206 me·

191 4260 278 4314 trum
299 4270 367 4314 non
384 4251 516 4316 servari
535 4262 657 4338 potest.
705 4249 777 4318 Sed
795 4249 824 4317 si
840 4247 1021 4316 scribimus
1039 4269 1102 4336 pro
1119 4257 1212 4312 ποεῖνε
1239 4248 1359 4324 ἑλκόεον,
