3038 5010
272 872 417 961 osoepn.
444 876 612 939 ase-793
629 906 669 929 =
687 875 857 939 sar-sao

494 982 561 1073 πρὸ
584 984 620 1053 δὲ
642 982 682 1076 δὴ
703 980 827 1070 ’χθρῶν
848 1031 898 1055 oo
912 1047 928 1054 -
941 1047 957 1054 -

495 1085 552 1157 τὸν
573 1086 700 1157 ἔσωθεν
720 1087 905 1178 μελάθρων,
927 1092 1000 1171 Ζεῦ,

495 1193 565 1274 θὲς,
589 1191 664 1261 ε’πεί
686 1221 735 1260 νιν
755 1193 857 1281 μέγαν
878 1189 959 1282 ἷίρας

291 1294 413 1382 δίδυμα
435 1296 491 1364 καὶ
514 1299 637 1384 τριπλᾶ
659 1294 872 1382 παλίμποινα
894 1294 1003 1363 θέλων
1026 1289 1174 1382 ἀμείψει.
1269 1326 1318 1365 roa

189 1714 229 1777 In
252 1714 455 1800 antistropha
478 1714 541 1778 duo
563 1716 667 1779 ultimi
690 1735 805 1780 versus
827 1714 861 1778 hi
885 1719 973 1777 sunt:

548 1829 676 1918 πατρὸς
697 1829 788 1921 ἔργῳ,
811 1828 961 1920 θροούσᾳ

189 1932 273 2023 πρὸς
288 1935 333 2017 σὲ,
350 1935 469 2019 τέκνον,
493 1933 620 2025 πατρὸς
635 1931 747 2018 αὐδὰν,
769 1935 826 2003 καὶ
842 1933 1006 2024 περαίνων
1021 1929 1214 2022 ἐπίμομφον
1228 1926 1322 2015 ίίταν,

189 2229 315 2295 Neutra
342 2232 455 2296 harum
485 2233 661 2298 formarum
690 2234 834 2317 genuina
861 2232 990 2296 videtur
1018 2251 1099 2295 esse.
1150 2228 1324 2294 Sententia

190 2336 304 2400 horum
333 2338 476 2403 locorum
504 2338 604 2402 dubia
632 2359 696 2402 non
726 2343 790 2418 est,
823 2359 905 2422 quae
933 2336 967 2401 in
997 2335 1131 2420 stropha
1152 2332 1234 2399 haec
1257 2337 1322 2398 cst:

189 2441 361 2526 dupliciter
389 2447 421 2505 ct
450 2442 620 2526 tripliciter
650 2442 709 2505 tibi
731 2442 875 2506 libenter
904 2440 1033 2514 reddet3
1062 2440 1095 2502 in
1118 2436 1324 2523 antistropha

189 2542 283 2606 haec:
308 2544 499 2622 reclamans,
524 2545 568 2608 mi
584 2544 640 2623 fili,
665 2544 755 2630 operi
771 2544 872 2629 patris
889 2548 921 2607 et
938 2543 979 2623 ei,
1003 2541 1059 2627 qui
1084 2541 1186 2627 patris
1209 2559 1324 2603 vocem

190 2652 222 2710 te
251 2645 362 2711 audire
388 2646 483 2728 fecit,
512 2648 662 2733 perficias
693 2648 795 2712 diram
826 2647 969 2712 caedem.
1021 2645 1137 2730 Itaque
1165 2645 1235 2708 loco
1264 2642 1323 2706 de-

193 2755 323 2836 sperato
346 2750 415 2815 fere
438 2750 499 2815 hcc
522 2760 618 2838 pacto
641 2753 784 2816 succurri
808 2771 906 2838 posse
930 2750 1071 2815 conieci:
1094 2749 1128 2812 in
1152 2746 1301 2833 stropha:

331 2866 429 2936 δισσὰ
452 2870 509 2937 καὶ
532 2872 656 2956 τριπλᾶ
677 2867 891 2956 παλίμποινα
912 2868 1020 2936 θέλων
1043 2863 1192 2955 ἀμείψει.

191 3071 306 3163 (δισσὰ
324 3075 380 3142 καὶ
403 3078 527 3162 τριπλᾶ
548 3080 668 3165 legitur
689 3080 723 3143 in
745 3078 970 3165 Lycophronis
990 3076 1181 3142 Alexandra
1206 3095 1235 3138 v.
1256 3072 1324 3156 69),

192 3183 225 3246 in
248 3183 466 3268 antistropha:

500 3284 627 3375 πατρὸς
648 3284 738 3376 ἔργῳ,
761 3282 888 3374 πατρὸς
909 3278 1012 3351 αὐδὰν

295 3388 380 3479 πρός
402 3415 438 3459 σε
460 3387 620 3480 θροούσᾳ,
643 3390 700 3457 καὶ
722 3386 886 3477 περαίνων
908 3385 1101 3477 ἑπίμομφον
1123 3380 1214 3454 ίίταν.

192 3663 243 3727 De
261 3664 408 3727 clausula
428 3707 600 3730 ......
623 3661 707 3726 infra
729 3683 760 3747 p.
785 3663 822 3725 81
848 3659 948 3724 verba
971 3656 1122 3723 facienda
1143 3660 1248 3721 erunt.

278 3775 352 3840 Duc
377 3776 529 3861 exempla
550 3775 584 3837 in
607 3773 798 3858 fragmentis
822 3770 979 3854 Aeschyli
1001 3767 1125 3833 inveni:

587 3912 625 3976 fr.
649 3913 691 3975 66
715 3910 764 3975 ed.
783 3907 925 3975 Dindcrf

655 4027 716 4088 ενθ

347 4125 405 4194 ε’πὶ
428 4128 585 4211 δυσμαῖσι
608 4127 684 4191 τεοῦ

349 4226 476 4318 πατρὸς
492 4224 754 4319 Ἡφαιστοτυκὲς
