3038 5010
621 464 817 529 -gm

132 658 164 725 in
192 659 319 726 Avium
345 681 377 725 v.
406 681 446 746 13
471 660 522 723 οὑκ
545 668 605 723 τῶν
629 663 747 748 ὀρνέων,
772 659 804 726 in
830 659 981 726 Nubium
1006 682 1039 726 v.
1065 661 1147 749 1065
1172 660 1224 724 οὑκ
1247 667 1308 724 τῶν

131 768 259 854 λύχνων.
298 765 423 833 Verbis
441 780 554 833 autem
572 768 623 831 οὐκ
640 775 698 831 τῶν
712 769 862 832 Λακώνων
875 766 1113 856 Dicaeopolin,
1131 765 1189 854 qui
1207 788 1306 833 suam

131 894 250 961 pacem
277 873 408 962 pepigit
432 895 509 940 cum
523 873 808 941 Lacedaemoniis
832 873 1019 960 significari
1044 884 1201 961 apertum
1226 894 1306 940 esse

131 981 213 1047 mihi
227 981 371 1048 videtur.
419 980 491 1050 Sed
516 994 629 1049 tamen
655 983 811 1049 concedo
837 1003 951 1069 genus
976 981 1111 1049 dicendi
1135 983 1202 1049 hoc
1227 982 1305 1049 loco

131 1087 214 1155 satis
239 1091 426 1156 obscurum
458 1111 548 1156 esse.
594 1087 714 1177 ltaque
746 1111 823 1155 cum
848 1089 1005 1156 Nauckio
1030 1093 1081 1154 κού
1105 1091 1155 1153 τὸν
1179 1090 1306 1153 Λάκωνα

131 1195 285 1262 scribere
310 1196 434 1277 malim,
460 1196 590 1264 collatis
616 1196 774 1263 versibus
799 1198 863 1285 285
879 1218 955 1284 sqq.
981 1195 1089 1285 ipsius
1113 1195 1260 1267 fabulae.

223 1304 277 1390 10)
303 1306 432 1377 σπονθοὶς
463 1305 544 1368 λὺσιν
576 1327 608 1367 τε
638 1303 728 1383 Ald,
762 1306 890 1378 σπονθάς
913 1328 946 1368 τε
969 1305 1067 1368 λύσειν
1091 1301 1219 1386 Bergk,
1252 1302 1307 1370 cui

131 1410 311 1488 assentior,
338 1411 433 1496 quod
449 1410 587 1478 ultimus
601 1431 735 1489 versus,
761 1409 789 1477 si
805 1410 987 1477 scribimus
1011 1413 1140 1486 σπονδάς
1163 1412 1246 1475 λύσιν
1262 1434 1304 1492 τε,

130 1515 282 1604 intellegi
307 1540 373 1583 non
401 1529 523 1605 potest.

220 1623 338 1691 Liceat
355 1647 411 1692 me
427 1626 491 1692 hos
509 1625 646 1694 ultimos
664 1647 789 1694 versus
806 1626 993 1693 vernacula
1017 1626 1135 1714 lingua
1151 1638 1305 1693 vertere:

133 1730 227 1814 „Der
239 1731 459 1818 Megarische
474 1732 658 1801 Beschluss
683 1755 725 1799 an
744 1733 813 1799 und
831 1733 885 1799 fur
909 1733 983 1800 sich
1008 1733 1058 1800 sei
1081 1731 1304 1800 hinreichend

130 1839 254 1924 (ἱκανῶς
277 1861 325 1906 sc:
349 1843 446 1926 ἔχειν),
472 1854 551 1927 sagt
575 1862 614 1907 er
638 1846 697 1924 (sc.
724 1841 787 1907 der
810 1839 954 1907 Dichter
978 1840 1088 1907 durch
1114 1839 1305 1929 Dicaeopo·

130 1945 191 2028 lis),
227 1948 296 2013 und
330 1945 495 2026 Perikles‚
528 1948 598 2014 und
631 1947 722 2014 nicht
754 1948 816 2014 der
840 1946 1013 2028 Lakoner,
1047 1948 1097 2016 sei
1130 1969 1173 2014 an
1205 1947 1305 2014 allem

130 2052 262 2134 schuld‚
285 2055 355 2121 und
369 2052 542 2141 Vertrttge
554 2055 699 2121 wurden
718 2077 786 2121 von
806 2057 871 2121 den
889 2055 1176 2142 gegenwttrtigen
1190 2041 1303 2123 Ubeln

131 2160 313 2228 befreien.“

221 2268 442 2336 Accedamus
468 2292 557 2336 nunc
582 2270 625 2336 ad
651 2282 893 2356 argumentum
919 2270 1091 2359 Equitum.

343 2432 474 2520 Παράγει
498 2436 560 2496 τινοί
585 2433 710 2497 Κλέωνα
734 2436 783 2497 τὸν
808 2435 988 2517 καλούμενον

345 2539 538 2626 Παφλαγόνα,
563 2540 627 2604 κᾶτι
653 2542 847 2628 βορσοπιολιγν
871 2542 1037 2629 πικρότατα

345 2649 538 2710 κατεσθίοντά
561 2671 629 2722 πως
652 2652 690 2711 τά
713 2651 792 2711 κοινά
816 2654 965 2736 χρήματα,

342 2755 389 2817 καί
413 2755 621 2842 παραλογισμῷ
642 2754 824 2843 θιαφοροῦντ’
851 2757 1029 2843 ἐρρωμένως

310 2881 322 2919 ο
346 2861 581 2946 οὶλλαντοπώλην
605 2863 651 2925 καί
675 2872 868 2949 σκατοφάγον,
894 2864 1021 2935 εὐθέως

343 2969 498 3031 πεισθέντα
521 2967 581 3047 (τ’)
593 2971 742 3033 ἐπιθέσθαι
766 2968 817 3032 σὺν
841 2972 969 3033 ἱππεῦσίν
993 2993 1063 3032 τισιν

343 3076 373 3137 ἐν
397 3081 440 3160 τῷ
462 3082 542 3164 χορῷ
564 3083 684 3164 παροῦσι
707 3083 746 3161 τῇ
767 3085 826 3139 τὼν
849 3087 1028 3164 πραγμάτων

343 3186 430 3269 ἀρχῇ,
456 3183 598 3257 Κλέωνός
622 3182 648 3246 τ’
674 3186 704 3247 έν
728 3189 808 3269 με’σῳ
832 3193 1013 3272 κατηγορεῖν.

343 3290 456 3372 ἐγένετο
481 3290 577 3353 τοῦτ’·
604 3289 741 3372 ἐξέπεσεν
765 3293 778 3352 ο
804 3291 908 3354 Κλέων
932 3301 1104 3375 παγκάκως,

298 3417 323 3455 ιο
343 3398 357 3456 ὁ
381 3395 411 3459 δέ
435 3408 624 3484 σκατοφάγος
649 3400 734 3483 έτογε
758 3400 914 3486 προεδρίας
938 3399 1047 3482 καλῆς.

219 3553 300 3638 Quo
318 3556 348 3621 in
375 3570 582 3643 argumento
600 3560 745 3623 verbum
770 3557 853 3624 satis
877 3557 1028 3624 notabile
1045 3568 1234 3645 σκατοφάγος
1250 3556 1303 3624 bis

129 3660 263 3746 legitur.
312 3673 500 3751 σκατοφάγος
524 3663 694 3750 significat
711 3687 743 3732 v.
758 3665 777 3731 l.
797 3663 889 3747 „Der
913 3655 1131 3731 Kbtsresser“
1149 3673 1181 3745 ¹).
1229 3662 1302 3732 Sed

128 3766 324 3855 fragmenta
353 3769 565 3837 Menandrea
596 3793 706 3858 nuper
740 3785 878 3858 reperta
909 3771 995 3838 illius
1026 3772 1125 3838 verbi
1160 3791 1300 3838 sensum

221 3966 240 4034 ¹)
261 3967 327 4034 Quo
347 3985 434 4022 sensu
454 3968 562 4022 dictum
583 3968 674 4024 estin
695 3967 904 4039 Aristophanis
924 3968 1006 4022 Pluto
1027 3986 1054 4021 v.
1072 3970 1125 4038 706
1143 3968 1219 4022 etin
1238 3966 1303 4039 Epi·

128 4055 239 4110 charmi
266 4057 430 4127 fragmento
458 4058 638 4125 comoediae,
663 4075 739 4128 quae
764 4058 903 4128 inscripta
928 4064 991 4112 erat
1007 4055 1092 4126 Ἥβας
1112 4057 1196 4128 γάμος,
1222 4057 1302 4127 quod

127 4145 213 4199 nobis
232 4145 363 4200 servavit
381 4146 553 4201 Athenaeus
572 4147 633 4214 VII,
653 4165 703 4216 321
725 4148 752 4215 d,
771 4148 819 4203 ubi
838 4136 946 4216 scripta
965 4147 1115 4201 videmus:

342 4234 415 4295 ἀόνες
433 4238 525 4308 φάγροι
543 4256 569 4288 τε
589 4235 714 4308 λάβρακές
732 4256 759 4288 τε
778 4231 816 4288 καί
835 4231 873 4288 ταί
892 4234 973 4296 πίονες

342 4326 491 4396 σκατοφάγοι
510 4326 601 4377 σάλπαι
622 4324 763 4397 βδελυχραί,
785 4324 855 4377 ἁδέαι
875 4325 896 4376 δ’
917 4325 942 4376 έν
961 4326 996 4394 τῷ
1012 4323 1091 4397 θέρει.
