3038 5010
649 320 860 381 ..51-

191 508 281 568 ortus
305 510 355 569 est
376 506 566 591 permutatis
590 506 722 571 sedibus
747 507 944 592 syllabarum
964 507 1126 574 secundae
1153 516 1186 574 et
1205 510 1322 574 tertiae

190 663 209 677 a
222 665 242 678 a
255 650 276 680 2.
288 657 318 679 s.
363 609 466 675 Deest
489 611 563 675 huic
587 612 797 696 explicationi
813 611 1068 698 Hephaestionis
1092 615 1322 696 testimonium,

190 734 255 798 quo
281 716 444 778 sententia
472 703 511 778 de
535 715 720 778 choriambo
743 714 860 779 iambis
883 717 1031 781 immixto
1055 739 1074 780 a
1098 716 1321 782 Studemundo

190 816 318 901 prolata
341 818 460 904 optime
485 819 723 904 comprobatur.

277 919 335 982 Ait
358 926 467 986 autern
484 920 709 1005 Hephaestion
734 921 767 983 in
787 943 857 1006 cap.
876 921 972 1005 12:1)
999 916 1045 987 Τὸ
1061 921 1098 987 δὲ
1112 915 1170 986 ἀπ’
1185 919 1321 989 ἕλοίσοο-

189 1048 244 1103 νος
267 1020 397 1091 ίωνικὸν
418 1021 608 1091 συντίθεται
631 1023 690 1108 μὲν
717 1023 772 1090 καί
800 1021 959 1113 καθαρὸν,
987 1024 1177 1094 συντίθεται
1208 1028 1321 1095 δὲκαὶ

189 1125 366 1213 ἐπίμικτον
387 1124 472 1215 πρὸς
492 1125 553 1208 τὰς
573 1125 749 1215 τροχαϊκὰς
771 1127 939 1209 διποδίας.
979 1133 1071 1197 Haec
1095 1133 1195 1197 verba
1212 1130 1320 1198 ουντί-
1412 1119 1415 1123 ’

189 1237 288 1297 derce
313 1271 353 1280 -
377 1229 534 1312 διποδίας
557 1234 633 1318 quid
657 1235 718 1298 sibi
742 1234 853 1314 velint,
877 1235 973 1300 facile
997 1242 1046 1299 est
1069 1235 1110 1299 ad
1126 1238 1320 1322 intellegen-

190 1338 282 1420 dum,
306 1339 334 1402 si
357 1338 539 1402 accuratius
567 1339 722 1423 inspicias
746 1360 786 1402 ea
809 1360 891 1422 quae
915 1339 1146 1424 sequuntur:²)
1170 1337 1320 1405 συντίθε-

190 1467 245 1507 ται
264 1493 272 1507 .
290 1492 297 1506 .
314 1492 347 1506 ..
371 1437 488 1521 οὕτως,
518 1436 602 1506 edoce
629 1437 688 1530 τὴν
710 1437 776 1527 πρὸ
799 1444 858 1530 τῆς
885 1444 1060 1531 τροχαϊκῆς
1089 1441 1140 1508 αἐί
1169 1440 1320 1528 γίνεσθαι

192 1541 406 1634 πεντάοημον,
429 1537 515 1610 τοῦτ’
537 1540 607 1611 ἔστι
629 1542 740 1632 τρίτην
762 1542 955 1636 παιωνικὴν,
978 1545 1033 1612 καί
1056 1543 1116 1635 τὴν
1136 1543 1320 1635 τροχαϊκὴν,

192 1644 316 1715 ὁπόταν
343 1644 563 1734 προτάττοιτο
587 1651 646 1736 τῆς
672 1645 818 1739 irascaris,
849 1648 1001 1736 γίνεσθαι
1030 1645 1220 1736 ἓπτοίοημον
1246 1675 1320 1737 τρο-

193 1747 315 1840 χαϊκὴν,
337 1747 394 1818 τὸν
416 1748 613 1835 καλούμενον
636 1749 783 1841 δεύτερον
806 1751 982 1840 ἐπίτριτον.

275 1856 387 1921 Priore
421 1858 520 1941 igitur
554 1859 626 1922 loco
660 1859 757 1922 ionici
791 1856 1033 1941 ἀνακλωμένου,
1066 1879 1161 1942 quem
1191 1864 1320 1938 vocant,

196 1961 347 2046 originem
370 1961 527 2046 explicat:
556 1982 631 2024 nam
660 1962 785 2026 ionicus
816 1956 1024 2049 πεντάσημος
1050 1962 1130 2024 nihil
1160 1960 1248 2024 aliud
1271 1966 1321 2024 est

195 2065 253 2126 nisi
273 2107 401 2145 ew,
434 2065 519 2149 quod
542 2066 570 2127 si
601 2072 781 2151 anteponas
808 2064 956 2149 dipodiae
983 2065 1168 2129 trochaicae
1198 2099 1319 2144 ,ess

196 2167 251 2231 hoc
274 2177 414 2233 metrum
438 2169 590 2233 efficitur:
613 2213 633 2234 a
646 2212 666 2234 o
679 2229 695 2235 -
708 2213 728 2235 o
741 2228 757 2234 -
771 2214 790 2235 o
803 2229 819 2235 -
832 2199 863 2236 0.
907 2169 1037 2235 Revera
1053 2177 1162 2235 autem
1179 2171 1320 2234 ionicum

197 2266 413 2358 ἇνακίυίμενον
444 2282 550 2339 ortum
580 2295 654 2338 esse
684 2273 786 2337 videri
815 2296 832 2338 e
862 2275 1000 2338 refracto
1035 2275 1171 2339 dimetro
1203 2277 1319 2356 ionico,

196 2377 213 2444 i.
235 2401 263 2445 c.
286 2379 481 2467 permutatis
505 2378 637 2442 sedibus
662 2378 861 2463 syllabarum
891 2384 1026 2464 quartae
1051 2386 1084 2443 et
1113 2381 1245 2464 quintae
1273 2378 1321 2442 di-

197 2483 284 2547 metri
305 2482 414 2562 ionici‚
437 2488 473 2545 ut
496 2503 553 2567 pro
576 2538 627 2552 W
641 2521 826 2554 mem
854 2488 1029 2567 poneretur

198 2755 432 2822 Studemundus
457 2758 566 2822 docuit
580 2759 614 2822 in
629 2759 759 2824 scholis.

266 2862 454 2926 Posteriora
476 2862 549 2926 loco
565 2862 793 2947 Hephaestion
811 2862 908 2927 aliam
925 2861 1053 2924 dimetri
1068 2862 1165 2924 ionici
1181 2861 1319 2926 formam

194 2965 337 3050 exponit:
358 2965 525 3029 trochaica
550 2966 636 3029 enirn
652 2965 784 3052 dipodia
806 2959 997 3051 ἓπτοίσημος
1017 2964 1099 3027 haec
1124 2971 1187 3028 est:
1210 3024 1226 3030 -
1240 3010 1288 3032 e-
1301 3025 1317 3032 -

193 3067 331 3132 admissa
354 3070 482 3152 syllaba
503 3069 663 3154 producta
685 3091 742 3155 pro
767 3069 909 3134 secunda
932 3069 1040 3142 brevi3
1064 3089 1160 3152 quam
1185 3070 1211 3131 si
1227 3077 1319 3134 ante·

192 3192 287 3256 ponas
303 3173 419 3252 ionico,
443 3173 525 3236 haec
541 3173 645 3238 forma
662 3174 838 3238 efficietur:
856 3233 873 3239 -
886 3215 1122 3252 .........
1151 3170 1196 3234 At
1210 3231 1227 3237 -
1240 3216 1260 3238 o
1273 3232 1289 3238 -
1302 3233 1320 3239 -

191 3295 249 3338 non
276 3296 350 3339 esse
382 3275 544 3361 dipodiam
571 3277 785 3359 trochaicam,
820 3276 877 3341 sed
911 3277 1007 3339 aliam
1037 3274 1173 3338 formam
1203 3278 1319 3341 variati

190 3376 319 3441 diiambi
341 3377 453 3442 docuit
482 3400 541 3443 nos
571 3381 657 3444 idem
682 3381 940 3446 Studemundus:
971 3401 1046 3450 nam
1075 3380 1158 3443 siout
1185 3400 1242 3464 pro
1267 3437 1285 3451 ,,
1303 3422 1319 3451 2„

189 3481 261 3566 poni
283 3488 391 3568 potest
414 3524 465 3556 -.-
489 3485 523 3546 in
545 3483 678 3549 diiambi
700 3485 778 3550 sede
803 3485 918 3571 impari
941 3482 1072 3567 (4⁹2
1096 3504 1153 3569 pro
1176 3485 1318 3570 νμα),

188 3587 231 3651 ita
252 3590 352 3653 ctiam
374 3612 434 3677 pro
458 3648 477 3661 ,
490 3648 508 3661 ,
522 3633 542 3664 2
556 3637 573 3660 „1
599 3593 676 3677 poni
692 3599 801 3679 potest
817 3656 836 3662 ,
849 3650 868 3664 ,
881 3631 903 3664 2
914 3641 933 3663 L
959 3592 1085 3676 syllaba
1101 3592 1205 3676 prima
1219 3591 1318 3674 longa

188 3690 218 3754 in
236 3699 375 3777 utroque
397 3701 501 3758 metro
520 3703 663 3771 servata;
688 3703 721 3760 et
744 3696 827 3760 sicut
841 3755 858 3763 -
870 3755 886 3763 „
899 3740 919 3762 e
932 3755 948 3762 ,
965 3701 1015 3760 est
1038 3695 1198 3759 diiambus
1216 3701 1318 3758 rotar-

189 3796 297 3879 datns,
328 3799 373 3861 sic
400 3842 507 3866 Α--
534 3807 585 3867 est
607 3802 732 3865 ionicus
757 3823 776 3864 a
798 3803 923 3866 minore
947 3800 1141 3866 retardatus.
1185 3799 1316 3863 Utrius-

189 3921 248 3986 que
272 3902 396 3967 formae
420 3904 572 3990 exempla
594 3905 681 3969 haud
706 3927 810 3991 pauca
833 3912 954 3971 extant.
1002 3906 1067 3969 Sed
1089 3912 1254 3968 transeam
1276 3904 1318 3967 ad

189 4025 243 4068 eos
266 4004 369 4088 locos,
392 4009 508 4093 quibus
532 4017 649 4094 poetae
672 4010 788 4074 ionicis
812 4032 832 4073 a
854 4010 979 4074 minore
1002 4009 1054 4072 usi
1077 4013 1161 4071 sunt.

257 4195 278 4262 ¹)
297 4193 448 4263 Hephaest.
467 4213 494 4264 p.
512 4195 553 4250 37.

255 4281 278 4349 ²)
297 4280 447 4350 Hephaest
467 4299 493 4350 p.
511 4283 552 4336 38.
