3038 5010
675 487 866 546 ..5-

287 652 338 717 Ab
365 654 415 718 his
445 655 525 719 locis
550 655 690 720 ordienti
718 657 798 720 mihi
821 678 940 745 operae
964 659 1104 744 pretium
1133 681 1206 725 esse
1230 661 1334 726 visum

200 760 253 818 est
275 758 457 822 accuratius
487 761 699 844 perscrutari,
730 760 888 845 aquibus
917 763 1022 847 poetis
1050 770 1082 826 et
1111 764 1227 848 quibus
1257 786 1333 829 con-

199 857 381 925 dicionibus
404 861 565 927 diiambus
589 863 777 928 choriambo
801 872 858 928 aut
889 866 994 930 ionico
1024 867 1165 932 admisso
1190 870 1333 932 variatus

199 964 253 1029 sit.
289 965 359 1029 Nec
378 973 488 1030 tamen
505 989 617 1031 omnes
634 969 853 1054 quaestiones,
878 971 1011 1054 quaein
1031 972 1091 1035 hac
1114 972 1333 1059 disputatione

198 1069 316 1153 attingi
339 1079 485 1156 possunt,
509 1073 637 1137 solvere
662 1073 739 1137 mihi
763 1077 936 1160 proposui,
961 1074 1019 1138 sed
1044 1077 1121 1139 satis
1145 1076 1242 1141 habui
1264 1099 1332 1140 ma-

197 1174 313 1236 teriam
337 1174 479 1260 undique
503 1177 672 1241 collectam
695 1179 728 1241 in
752 1178 858 1242 medio
877 1180 1039 1264 posuisse,
1063 1200 1127 1264 qua
1151 1201 1245 1264 spero
1265 1181 1333 1245 foro

196 1282 233 1338 ut
256 1277 278 1339 ii
302 1277 448 1343 homines
471 1278 557 1344 docti
572 1288 713 1362 utantur,
737 1283 789 1366 qui
814 1284 995 1368 posteriore
1019 1290 1166 1368 tempore
1191 1284 1242 1346 his
1265 1284 1331 1347 dis-

197 1382 426 1465 quisitionibus
450 1405 583 1470 operam
607 1387 801 1472 impertiant.

703 1722 779 1789 Osr.
803 1724 830 1788 Ι.

533 1843 593 1908 DE
618 1843 708 1908 Usu
733 1843 999 1910 OHORIAMBI.

724 1982 796 2057 §L

281 2101 433 2187 Plerique
456 2103 554 2167 hodie
578 2104 784 2167 consentiunt
808 2103 1028 2167 choriambum
1052 2102 1130 2166 nihil
1147 2103 1234 2166 aliud
1257 2126 1329 2169 esso

194 2226 291 2290 quam
320 2206 482 2292 dipodiam
505 2205 696 2292 dactylicam
721 2208 953 2287 catalecticam,
977 2206 1009 2269 id
1033 2213 1082 2269 est
1235 2209 1323 2292 posi-

113 2378 117 2383 ,
192 2316 261 2373 tum
286 2332 357 2375 esse
380 2313 492 2376 volunt
515 2333 573 2397 pro
610 2358 743 2391 mm·
790 2310 877 2374 Satis
901 2317 951 2374 est
973 2310 1068 2373 unius
1093 2308 1328 2396 Westplraliil)

193 2415 379 2499 exemplum
421 2416 587 2500 proferre,
636 2416 690 2501 qui
735 2472 785 2485 ,,
963 2470 980 2474 -
1028 2414 1166 2497 primum
1215 2414 1326 2500 glyco-

192 2539 288 2582 ueum
332 2519 556 2583 catalecticum
597 2524 693 2583 vocat
734 2524 831 2603 atque
1095 2574 1112 2579 ,
1140 2539 1244 2602 aeque
1288 2541 1325 2582 ac

450 2623 489 2686 iis
513 2622 655 2687 numeris
680 2622 845 2701 attribuit,
869 2620 985 2705 quibus
1009 2642 1028 2683 a
1052 2621 1261 2706 scriptoribus
1287 2624 1326 2687 dc

193 2748 227 2791 re
250 2727 384 2790 metrica
407 2726 638 2811 logaoedorum
661 2748 776 2790 nomen
801 2725 912 2789 datum
940 2731 1000 2790 cst.
1046 2725 1210 2788 Aliorsum
1235 2725 1324 2790 duci-

192 2852 264 2895 mur
288 2829 504 2896 Studemundi
529 2832 702 2913 sententia,
727 2831 780 2916 qui
797 2851 861 2892 non
884 2849 989 2914 pauca
1013 2828 1143 2913 quidem
1168 2829 1240 2893 cola
1261 2830 1326 2892 for-

192 2955 265 2998 mae
424 2934 469 3018 ita
502 2933 542 2996 ad
575 2933 750 3018 logaoedos
782 2931 956 2996 referenda
986 2952 1058 2995 esse
1090 2931 1255 3012 concedit,
1291 2940 1326 2996 ut

193 3037 324 3103 schema
348 3095 364 3101 ..
378 3095 394 3108 ,
408 3093 457 3106 ,,
480 3037 643 3123 dipodiam
676 3034 900 3121 logaocdioam
933 3035 1158 3100 catalectioam
1188 3035 1325 3109 efficiat;

192 3140 270 3204 alibi
292 3146 412 3219 tamen,
438 3161 475 3204 ac
498 3141 640 3205 maxime
664 3142 696 3204 in
719 3140 900 3203 iamborum
924 3138 1053 3217 vicinia,
1078 3160 1149 3202 cum
1167 3138 1198 3201 in
1216 3138 1326 3201 multis

191 3246 340 3310 rcrsibus
357 3245 506 3310 iambicis
520 3240 604 3311 κατὰ
621 3240 774 3329 συζυγίαν
789 3244 973 3329 compositis
990 3242 1090 3306 levior
1101 3242 1184 3305 ictus
1209 3277 1221 3311 ι,
1237 3242 1323 3325 prio-

191 3372 268 3433 rem,
291 3351 403 3415 fortior
461 3352 675 3437 posteriorem
697 3348 846 3434 dipodiae
869 3346 1028 3411 iambicae
1051 3344 1083 3430 (
1130 3403 1149 3416 ,
1162 3344 1195 3430 )
1215 3346 1324 3409 locum

191 3462 335 3539 occupet,
359 3455 453 3519 facilc
477 3456 546 3520 lieri
569 3455 713 3540 potuisse
737 3459 860 3531 censet,
883 3456 929 3530 ut,
954 3450 1086 3513 mutatis
1111 3450 1246 3535 syllabis
1271 3508 1288 3520 ,
1307 3487 1323 3520 ,,

190 3559 222 3621 in
237 3600 257 3630 ὲ
270 3609 299 3640 ,,
313 3579 356 3622 ex
371 3557 512 3622 diiambo
529 3557 712 3622 efficeretur
727 3553 932 3619 choriambus
950 3595 970 3624 ,ἱ
986 3612 1003 3624 ,
1018 3612 1036 3624 ,
1082 3552 1192 3638 (quem
1209 3575 1321 3618 ascen-

190 3661 320 3728 dentem
350 3664 516 3727 nominarc
547 3662 688 3740 solebat,
723 3682 763 3724 ne
794 3680 867 3722 cum
897 3657 1119 3722 descendente
1286 3679 1322 3720 ac

189 3766 358 3830 trochaicis
382 3767 525 3831 numeris
543 3771 680 3850 cognato
698 3761 976 3846 confunderetur),
999 3763 1141 3845 itemque
1156 3767 1201 3840 ut,
1224 3762 1321 3845 sylla-

190 3871 237 3935 bis
268 3912 319 3941 ὲ,
350 3872 481 3934 mutatis
513 3872 545 3934 in
579 3906 644 3948 ,;,
677 3891 719 3934 ex
749 3867 891 3931 diiambo
927 3866 1110 3930 efficeretur
1143 3865 1268 3928 ionicus
1303 3889 1323 3929 a

188 3977 312 4040 minore
338 4015 462 4053 wisi,
491 3974 632 4038 fortioris
656 3971 783 4036 metrici
805 3971 888 4033 ictus
913 3969 989 4035 sede
1013 3989 1117 4052 neque
1140 3968 1191 4031 hic
1215 3986 1321 4052 neque

188 4081 253 4145 illio
276 4086 410 4144 mutata.

271 4185 451 4249 Videamus
475 4204 570 4263 nunc,
595 4181 755 4267 quomodo
780 4181 821 4244 ad
844 4181 929 4243 hanc
950 4177 1146 4244 sententiam
1162 4176 1321 4260 quadrent

188 4310 235 4370 ec,
259 4310 343 4373 quae
367 4289 406 4352 de
431 4286 616 4351 choriambo
640 4286 775 4372 protulit
789 4284 1016 4369 Hephaestion
1042 4281 1171 4344 sacculo
1193 4302 1222 4364 p.
1244 4279 1319 4343 Chr.

258 4463 278 4529 ¹)
298 4460 454 4529 Westphal,
476 4458 648 4529 griechischc
668 4456 771 4509 hlctrik
789 4457 834 4509 11²
854 4454 943 4524 (1868)
962 4472 988 4522 p.
1009 4453 1066 4506 tls.
