3038 5010
655 339 867 401 „23-

195 544 253 609 que
274 547 395 590 nomen
418 548 498 591 voce
521 529 760 614 monosyllaba.
799 528 886 593 Sane
909 531 1065 614 leguntur
1079 533 1232 597 versiculi
1249 533 1330 597 duo-

197 626 250 691 bus
280 634 406 694 tautum
436 630 632 696 choriambis
663 633 834 719 compositi
857 656 886 697 e.
910 655 940 718 g.
964 656 1054 720 vesp.
1078 639 1151 716 526,
1176 640 1205 700 2.
1232 640 1270 698 15
1288 670 1327 690 =

198 735 264 814 631,
282 736 383 810 2153
412 736 550 822 Lysistr.
572 739 645 818 321,
665 741 712 802 111.
731 741 779 802 11.
800 740 847 802 12.
867 740 905 802 13
923 771 962 792 =
981 741 1053 820 335,
1078 743 1330 806 111.11.12.13.

323 892 459 975 Versus,
483 896 538 980 qui
561 897 714 980 leguntur
736 898 774 961 fr.
801 897 894 961 1631)
918 903 950 960 11
973 897 994 961 (1
1018 898 1068 962 ed.
1093 898 1204 964 Dind:

314 1008 376 1099 γάρ
398 1006 473 1080 rrcr'
498 1013 574 1098 ἐμοὶ
596 1014 799 1105 παυσαμένῳ
821 1018 880 1083 τοῦ
902 1015 1052 1101 πολέμου
1075 1015 1199 1103 γένοιτο

310 1116 372 1205 τῆς
391 1111 507 1202 τρυγὸς
529 1110 626 1204 ἄρτον
647 1115 790 1206 λιπαρὸν
811 1118 869 1186 καὶ
892 1115 1039 1210 ῥάφανον
1061 1119 1192 1208 φέροντι

192 1660 301 1742 itaque
318 1657 539 1728 dubitandum
568 1665 634 1737 est,
664 1680 741 1722 num
763 1657 811 1722 illi
836 1658 1062 1724 choriambicis
1086 1660 1234 1724 versibus
1259 1662 1329 1726 iure

191 1760 419 1826 attribuantur.

277 1881 433 1945 Omittam
460 1881 498 1947 fr.
525 1884 583 1945 190
613 1883 664 1947 ed.
692 1883 833 1946 Dindorf
854 1884 926 1968 (141
956 1885 1005 1948 ed.
1031 1882 1152 1967 Koch),
1185 1885 1245 1947 192
1275 1885 1327 1949 ed.

190 1984 330 2049 Dindorf
362 1983 439 2069 (142
475 1984 526 2049 111.
554 1984 679 2072 Koch),
722 2007 856 2072 quorum
894 1994 1033 2052 metrum
1070 1993 1136 2050 tam
1171 1987 1330 2051 incertum

190 2089 365 2154 exhibetur
387 2089 420 2153 in
444 2089 624 2173 codicibus,
653 2097 691 2155 ut
718 2092 787 2156 iure
811 2098 987 2177 quaeratur
1007 2098 1117 2157 utrum
1143 2091 1329 2178 logaoedioi

191 2194 255 2257 sint
278 2213 393 2257 versus
416 2214 459 2256 an
481 2194 698 2260 choriambici.

277 2314 604 2379 commemorandum
627 2316 766 2402 denique
791 2324 842 2382 111
867 2341 998 2383 carmen
1022 2317 1115 2400 illud,
1141 2314 1225 2403 quod
1245 2318 1329 2382 inter

193 2419 336 2483 earmina
359 2419 530 2505 popularia
552 2421 677 2506 recepit
699 2421 880 2506 Bergkius:

602 2581 699 2624 carm.
724 2561 834 2645 popul.
861 2564 896 2622 11

499 2667 551 2749 τίς
571 2671 663 2759 cpida
686 2670 806 2737 πολλοὶ
828 2665 986 2758 κάγαθοί.

497 2766 709 2857 Ἐκκέχυται·
731 2770 824 2842 κάλει
846 2771 936 2843 θεόν.

275 3351 512 3416 Demonstrare
536 3351 645 3416 studui
665 3352 698 3415 in
719 3352 824 3437 prima
840 3351 1046 3438 paragrapho
1070 3373 1089 3414 a
1106 3351 1212 3436 poetis
1235 3358 1324 3415 vete-

191 3453 277 3517 ribus
307 3454 528 3518 choriambum
558 3453 700 3519 diiambo
731 3475 845 3539 parem
874 3475 947 3519 1111
977 3454 1175 3529 adhibitum3
1213 3476 1324 3539 quare,

191 3557 217 3619 si
239 3557 405 3622 licentiam
435 3555 598 3641 quandam
624 3557 658 3620 iu
681 3555 823 3620 admisso
855 3557 917 3620 hoc
943 3557 1027 3640 pede
1057 3576 1121 3619 non
1152 3563 1324 3621 senserunt

189 3666 320 3744 poetae,
344 3665 518 3745 exspectes
544 3660 578 3723 in
605 3659 721 3724 vicinia
751 3659 930 3723 choriambi
961 3659 1060 3722 etiam
1089 3658 1170 3722 alias
1198 3657 1322 3722 formas

190 3762 321 3829 diiambi
343 3764 459 3828 variati
478 3765 612 3828 tolerari
635 3784 744 3850 posse:
762 3779 897 3842 cae„
916 3804 1023 3841 --υ-,
1041 3802 1174 3846 co.o.‚
1193 3788 1322 3843 om„

189 3907 349 3946 eumq
375 3887 514 3934 Aoo-.
565 3867 787 3952 Perquirenda
816 3867 915 3951 igitur
948 3871 1022 3930 sunt
1053 3867 1214 3946 carmina,
1245 3887 1321 3931 num

190 3991 301 4036 revera
324 3977 442 4057 poetae
465 3972 526 4036 hac
551 3992 679 4058 quoque
702 3971 835 4034 licentia
857 3972 909 4035 usi
933 3971 1005 4034 sint.

273 4093 381 4158 Primo
397 4095 468 4158 loco
485 4115 541 4158 eas
558 4093 707 4179 strophas
724 4092 867 4174 afferam,
887 4091 1003 4177 quibus
1015 4096 1145 4176 praeter
1161 4091 1319 4156 choriam-

190 4199 265 4263 bum
285 4199 373 4262 solus
392 4198 574 4284 tribrachys
600 4218 673 4261 cum
694 4196 804 4261 iambo
827 4197 969 4262 insertus
994 4203 1054 4278 est,
1084 4218 1165 4283 quae
1187 4196 1321 4263 diiambi

190 4303 342 4381 variatis,
378 4302 498 4387 quippe
532 4321 614 4386 quae
647 4319 750 4385 aeque
782 4321 819 4364 ac
852 4299 1011 4364 diiambus
1048 4321 1107 4363 sex
1140 4308 1319 4386 temporum
