3038 5010
201 412 242 473 ss
722 406 813 490 [ise]

199 601 230 665 τί
250 597 350 675 κακόν,
374 591 399 659 αλ
424 595 521 679 γύναι,
736 602 800 661 ant.
813 596 1019 683 μεγαλόμητις
1041 597 1079 678 εἶ,

195 701 406 789 χθονοτρεφὲς
429 698 537 765 εἰλανόν
559 697 579 783 ἢ
603 697 696 763 ποτὸν
814 703 981 786 περίφρονα
997 703 1133 783 abrasa·
1155 705 1260 790 ὥσπερ
1282 704 1340 774 οὖν

197 806 357 887 πασαμένα
370 805 463 888 ῥυτᾶς
475 806 506 879 ἐξ
521 801 593 880 ἁλός
605 801 741 884 ὄρμενον.
809 811 966 889 φονολιβεῖ
992 806 1069 896 τύχα
1099 807 1180 894 φρὴν
1209 814 1337 894 ἔγημας.

1200 941 1291 982 νεῖαι.

300 1118 335 1203 3)
359 1116 455 1202 Soph.
480 1115 560 1180 Oed.
584 1115 651 1180 Col.
683 1119 766 1180 1479
796 1117 975 1182 distributio
999 1119 1156 1185 Dindorfii
1186 1130 1218 1188 at
1247 1145 1337 1190 com·

195 1227 333 1312 plurium
356 1223 490 1287 aliorum
515 1220 686 1284 editorum:

282 1325 333 1410 (ἔα
356 1324 401 1403 ἔα,
424 1324 491 1390 λιλού
515 1324 587 1405 μαλ’
611 1320 704 1403 αὖθις
727 1325 929 1411 α’μςοίσταται)
953 1327 1127 1410 διατρύοιος
1148 1328 1264 1414 ὄτοβος.

281 1431 391 1516 (ἵλαος,
415 1425 439 1492 oi
463 1431 593 1510 deipara,
613 1430 708 1507 ἵλαοι,
731 1430 763 1494 εἴ
781 1457 809 1494 τι
832 1439 873 1518 γᾷ

279 1534 387 1619 ματέρι
411 1531 567 1617 τυγχάνεις
589 1531 719 1617 α’φεγγὲς
742 1533 859 1618 φέροιο)

196 1642 269 1708 ideo
286 1640 363 1703 mihi
377 1658 440 1702 non
457 1637 621 1721 probatur,
637 1637 722 1722 quod
736 1641 936 1724 antistropha
948 1643 1007 1706 nisi
1020 1644 1214 1726 gravissimis
1229 1653 1336 1712 muta·

193 1745 332 1810 tionibus
344 1742 495 1807 adhibitis
510 1742 641 1826 aequari
657 1763 721 1808 non
734 1749 851 1827 potest.
876 1744 939 1808 Ubi
955 1766 1026 1809 cum
1042 1747 1133 1814 codd.
1146 1749 1227 1812 haec
1239 1750 1335 1815 dant:

398 1843 434 1909 ici
457 1853 521 1923 nai,
544 1851 621 1927 βᾶθι
644 1845 720 1928 βᾶθ’
744 1845 798 1910 εἴτ’
820 1844 915 1929 ἄκραν
938 1849 1100 1932 εἀιγιίαλον

400 1953 508 2038 ε’ναλίιμ
532 1952 747 2015 αοσειιλαωνιίοι
772 1955 841 2040 θεῷ
863 1952 1020 2036 τυγχάνεις

397 2054 554 2138 βούθυτον
577 2053 680 2118 ἑστίαν
702 2055 815 2138 ἁγίζιον
838 2055 913 2134 ἵκου,

192 2184 256 2226 non
272 2160 375 2226 solum
390 2156 426 2220 iai
444 2180 514 2221 cum
531 2158 718 2222 Hermanno
737 2166 821 2224 esset
837 2161 1061 2243 geminandum
1076 2170 1109 2228 et
1124 2165 1250 2240 lacuna,
1267 2188 1334 2252 qna

193 2264 358 2331 dochmius
393 2261 561 2344 exciderit,
594 2269 667 2348 post
698 2263 773 2344 βᾶθ’
804 2264 989 2346 statuenda,
1019 2287 1082 2350 quo
1111 2268 1183 2333 loco
1216 2268 1332 2337 deesse

192 2368 311 2454 aliquid
334 2365 539 2431 manifestum
562 2373 619 2444 est,
643 2367 698 2431 sed
723 2368 819 2432 etiarn
842 2369 1028 2433 mutandum
1052 2367 1146 2451 ἄκραν
1168 2373 1200 2436 in
1227 2371 1331 2456 ἄκρον,

192 2473 392 2558 ποοειιὶἀωνίιγ
409 2471 440 2533 in
456 2471 669 2558 λλοοιιιλαονίιμ,
682 2469 852 2536 delendum
865 2470 1000 2558 denique
1013 2475 1145 2538 verbum
1159 2475 1330 2560 τυγχάνεις,

192 2575 278 2663 quod
302 2575 429 2640 omnino
453 2573 530 2637 nihil
553 2573 650 2638 habet
674 2575 866 2658 offensionis,
889 2582 925 2640 ut
947 2577 1029 2642 haec
1050 2579 1272 2664 antistropbae
1288 2583 1330 2648 sit

191 2679 309 2745 forma:
1064 2660 1073 2700 ⁸
1328 2693 1332 2703 '

226 2782 265 2847 ici
287 2781 326 2846 iai
349 2789 412 2860 nai,
434 2789 511 2866 βᾶθι
533 2785 610 2865 βᾶθ’
630 2784 635 2864 Ι
654 2804 679 2850 o
696 2797 731 2860 Ψ
747 2800 783 2834 ⁰⁰
800 2805 820 2852 ῡ
835 2797 870 2862 ¹¹2¹
888 2784 893 2862 Ι
913 2783 969 2849 εἴτ’
991 2783 1084 2868 ἄκρον
1105 2788 1154 2851 snt
1176 2786 1293 2870 γύαλον

223 2891 331 2976 ἕναλίιμ
358 2883 571 2974 ΠοσειΙιλάονίῳ
597 2892 667 2973 θεῷ

220 2991 376 3075 βούθυτον
398 2990 501 3054 ἑστίαν
519 2991 523 3072 Ι
545 2988 665 3072 ἁγίζιον,
688 2990 762 3055 ἱκοῦ.

293 3096 363 3161 Etsi
385 3095 445 3159 nisi
467 3095 667 3178 gravioribus
689 3095 838 3160 remediis
868 3096 974 3161 locum
1003 3098 1108 3162 sanari
1137 3121 1201 3164 non
1231 3122 1329 3185 posse

190 3201 394 3286 perspicuum
417 3205 475 3279 est,
499 3203 585 3262 certe
600 3205 744 3282 praestat
760 3220 798 3262 ea
814 3199 1004 3265 emendandi
1019 3203 1110 3284 ratio,
1134 3225 1215 3289 quae
1232 3227 1328 3290 quam

189 3304 333 3390 proxime
356 3301 488 3367 accedat
510 3300 550 3364 ad
573 3302 742 3367 lectionem
773 3303 933 3369 traditam.
979 3305 1073 3368 Hanc
1102 3306 1178 3369 mihi
1199 3308 1328 3376 videtur

189 3414 301 3473 nactus
326 3427 395 3472 essa
411 3405 598 3484 Meinehius,
623 3407 675 3491 qui
692 3408 855 3492 stropham
871 3415 903 3472 et
919 3409 1149 3493 antistropham
1173 3426 1211 3476 e'o
1228 3414 1326 3479 modo

188 3534 281 3598 pares
305 3511 420 3594 effecit,
443 3517 477 3574 ut
499 3511 532 3573 in
554 3511 688 3594 stropha
709 3518 782 3595 post
804 3508 912 3594 ὄτοβος
935 3513 1081 3576 voculam
1112 3511 1140 3576 ὤ
1160 3515 1327 3602 insereret,

189 3618 221 3680 in
244 3615 440 3700 antistropha
463 3636 535 3678 eum
556 3614 616 3678 illis
635 3613 671 3676 ἰιό
687 3618 865 3699 geminaret
889 3622 920 3682 et
934 3638 992 3701 pro
1009 3623 1065 3680 παῖ
1076 3619 1155 3698 βᾶθι
1171 3619 1328 3687 scriberet

188 3717 324 3802 αρόβαθι
349 3723 380 3783 et
404 3718 592 3805 Ιλοοειιλανίῳ
615 3739 672 3803 pro
698 3720 923 3784 Ιλοαειιλαιονίιυι
939 3727 970 3784 at
992 3721 1138 3785 lacunam
1157 3725 1328 3808 post-ddd'

189 3827 361 3903 statueret,
391 3830 427 3885 ut
457 3823 518 3884 iam
542 3842 652 3887 versus
676 3829 837 3888 constaret
867 3846 885 3889 e
914 3831 1098 3890 tetrametro
1128 3827 1265 3894 iambico
1294 3835 1328 3895 ct

189 3928 331 4010 quinque
354 3924 517 3990 dochmiis.
563 3925 657 3999 Quod
683 3932 791 3992 autem
814 3934 1033 3994 tetrametrum
1055 3930 1226 3996 iambicum
1249 3952 1327 3999 con·

188 4031 343 4094 sociatum
360 4030 471 4094 statuit
483 4029 645 4112 dochmiis‚
665 4052 702 4094 eo
714 4032 817 4096 minus
830 4032 972 4114 offendit,
984 4035 1059 4118 quia
1070 4035 1167 4098 etiam
1177 4035 1209 4098 in
1220 4036 1326 4102 altera

188 4134 339 4219 strophae
360 4141 452 4218 parte
475 4134 639 4217 praecedit
661 4133 825 4200 dochmios
848 4137 901 4200 hic
915 4158 1024 4201 versus
1041 4135 1086 4221 (v,
1105 4140 1188 4203 1484
1200 4158 1208 4201 :
1222 4137 1325 4224 1497)

188 4243 220 4303 et
242 4239 274 4301 in
297 4238 428 4322 stropha
443 4237 656 4322 praecedente
672 4236 902 4320 (14474456
915 4259 922 4300 :
937 4243 1018 4305 1462
1029 4277 1057 4285 —
1068 4241 1165 4323 1471)
1184 4243 1325 4310 insertus

188 4348 236 4405 est
257 4340 419 4407 dochmiis.
463 4340 655 4406 Emendatio
678 4342 881 4408 Meinekiana
905 4343 983 4409 haec
1006 4351 1071 4409 est:
