3038 5010
651 288 863 352 „53-

282 471 374 537 Siout
403 473 459 536 ille
482 471 621 538 Doricus
651 481 764 562 posta,
791 477 838 540 ita
866 476 989 542 Lesbia
1017 498 1144 563 quoque
1174 478 1327 566 Sappho

189 575 299 639 ionico
321 597 382 640 usa
406 583 456 641 est
478 579 516 642 fr.
540 580 580 643 88

442 693 484 762 Ti
506 695 749 781 pellectione
771 689 930 786 αἶ”ραννα
951 696 1095 782 petitor.

283 886 365 951 Cum
387 888 421 951 in
440 887 623 974 Sapphonis
647 889 837 974 fragmentis
855 891 979 954 ionicos
1003 889 1327 976 deprehenderimus,

191 991 312 1054 mirum
338 998 477 1056 nonest
503 991 589 1077 quod
617 1013 659 1057 ne
683 993 852 1058 Alcaeus
878 994 1010 1079 quidem
1038 994 1079 1057 ab
1103 995 1163 1058 hoc
1187 995 1329 1080 rhythmi

192 1115 318 1178 genere
342 1116 416 1160 sese
440 1096 606 1160 abstinuit.
652 1095 751 1161 Cuius
767 1103 894 1182 septem
910 1097 1093 1181 fragmenta
1110 1104 1223 1161 extant
1239 1099 1328 1161 nullo

192 1198 279 1284 pede
302 1199 365 1263 nisi
387 1200 494 1263 ionico
518 1200 712 1285 composita:

692 1311 729 1376 fr.
754 1311 837 1376 48A

230 1418 377 1509 Κρονίδα
399 1420 557 1512 auaitum
578 1423 668 1510 γένος
687 1418 789 1505 Αἷάν,
812 1418 869 1490 τὸν
890 1415 1023 1510 ἷίριστον
1045 1417 1122 1489 πεδ’
1144 1417 1304 1505 Ἀχίλλεα.

195 1613 489 1700 Hephaestionem,
525 1635 597 1678 cum
625 1637 654 1701 p.
680 1616 720 1678 35
748 1613 810 1678 hoo
843 1614 1060 1698 fragmentum
1088 1619 1328 1700 pentametrum

199 1717 442 1802 antispasticum
458 1724 672 1804 nuncuparet,
697 1739 824 1782 errasse
849 1724 1105 1782 consentaneum
1129 1724 1189 1813 est.
1221 1709 1328 1798 Ἀχίλ-

200 1819 254 1884 λεα
276 1843 335 1906 per
357 1821 520 1906 synizesin
542 1822 748 1905 trisyllabum
771 1821 817 1885 fit.

693 1941 731 2006 fr.
756 1945 797 2006 59
815 1941 839 2028 ι)

317 2046 399 2136 ’Ἑμε
421 2048 540 2134 δείλαν,
564 2048 622 2137 ἔμε
643 2052 757 2117 πασᾶν
780 2046 970 2118 renouarent
992 2049 1190 2132 πεδέχοισαν

325 2165 828 2208 ..................
841 2142 870 2192 8.

280 3727 440 3816 Alcaeum
475 3726 578 3789 multa
609 3725 752 3788 earmina
781 3725 897 3788 ionicis
931 3746 951 3789 a
987 3727 1111 3790 minore
1144 3727 1327 3791 constantia

201 3834 366 3918 scripsisse
389 3829 617 3915 Hephaestion
639 3834 780 3893 testatur
802 3851 832 3914 p.
857 3831 908 3896 38.

281 4004 394 4089 Longe
408 4004 586 4068 maximum
601 4023 772 4067 numerum
787 4002 1043 4087 fragmentorum
1056 3999 1172 4066 ionicis
1181 4001 1325 4065 numeris

197 4109 387 4195 scriptorum
410 4107 619 4172 Anacreon
646 4107 788 4192 reliquit.
832 4105 902 4172 Neo
924 4105 1056 4186 mirum,
1083 4103 1169 4190 quod
1196 4105 1237 4168 ab
1266 4105 1326 4169 hoc

267 4265 287 4331 ¹)
306 4262 455 4333 Hephaest.
473 4280 500 4332 p.
518 4261 560 4315 38.
