3038 5010
717 433 812 518 [161]
1291 443 1330 504 aa

199 632 290 696 Most.
317 635 331 694 1
359 629 453 695 Serui
475 632 529 714 qui
550 629 643 714 quem
666 629 758 712 culpet
783 631 893 692 cure'rrt
907 624 910 712 l
923 630 1028 692 turrre'a
1049 633 1167 695 rmrtrtra
1183 636 1330 718 redtuortt,

198 742 250 801 aut
273 735 409 818 deniqne
433 755 503 797 cum
526 733 595 797 aliis
619 733 695 798 colis
718 733 869 797 iambicis.

296 839 400 903 Maior
421 859 572 902 numerus
595 837 710 900 horum
733 859 882 901 versuum
912 860 982 902 cum
1013 841 1222 924 quaternariis
1253 843 1329 907 iam·
1367 889 1368 892 κ

197 944 271 1008 bicis
295 943 547 1023 consociatorum
571 943 707 1006 occurrit
729 942 931 1007 intermixtus
952 943 1093 1008 versibus
1112 946 1166 1028 qui
1181 946 1329 1012 dicuntur

195 1048 352 1112 Relzlallls
377 1047 406 1126 (υ
424 1085 464 1095 -
485 1085 502 1115 υ
521 1083 561 1091 ···
579 1078 597 1117 υ
615 1083 654 1091 ·-
673 1084 692 1117 υ
709 1083 749 1092 ·“
770 1047 775 1127 l
794 1086 811 1117 υ
830 1083 869 1091 ·“
888 1083 905 1117 υ
924 1083 964 1093 ·“
983 1046 1249 1132 0)Aul.111,2.

283 1209 286 1217 s
299 1150 379 1215 Cum
395 1153 509 1215 horum
525 1172 672 1214 versuum
689 1152 947 1235 compositorum,
963 1152 1016 1236 qui
1028 1159 1123 1217 antea
1136 1175 1154 1216 a
1167 1154 1328 1240 plerisque

168 1259 171 1263 ’
194 1278 303 1320 versus
326 1255 467 1320 Reiaiani
489 1254 690 1319 habebantur
715 1262 746 1319 et
768 1255 874 1319 adhuc
896 1279 914 1318 a
939 1257 1099 1320 nonnullis
1123 1258 1196 1323 viris
1226 1260 1327 1326 doctis

194 1360 373 1442 habentur,¹
405 1367 472 1423 tum
498 1360 689 1440 breviorum,
721 1361 774 1444 qui
805 1361 1016 1444 posteriorem
1048 1368 1170 1445 partem
1201 1364 1328 1429 illorum

194 1463 345 1541 efficiunt,
368 1468 514 1527 naturam
538 1471 633 1546 atque
657 1462 797 1527 indolem
820 1464 937 1547 primus
964 1467 1128 1551 perspexit
1152 1467 1327 1534 Guilelmus

194 1567 403 1648 Studemund,
426 1567 478 1651 qui
503 1567 542 1630 de
565 1568 602 1630 iis
625 1566 772 1630 disseruit
794 1567 827 1631 in
850 1568 965 1632 libellis
988 1573 1252 1636 commemoratis.

298 1671 393 1746 Quod
415 1671 564 1757 religiosa
588 1693 736 1735 caesurae
762 1672 941 1738 observatio
964 1674 1102 1739 indicare
1132 1675 1267 1759 ridetur,
1297 1679 1327 1740 in

192 1775 240 1840 his
264 1776 410 1841 versibus
433 1797 535 1842 vacuo
556 1784 708 1860 tempore,
733 1797 795 1840 non
813 1777 893 1843 thesi
910 1778 1066 1862 producta
1082 1781 1222 1845 voluisse
1243 1803 1328 1845 com·

193 1900 327 1963 pensare
351 1881 501 1944 Plautum
525 1882 609 1944 arsin
632 1902 843 1966 suppressam,
873 1881 905 1944 id
935 1882 1141 1947 confirmatur
1173 1906 1210 1949 ec
1242 1887 1328 1970 quod

193 2005 289 2068 saepe
305 1985 409 2048 soluta
426 1993 474 2049 est
490 1985 597 2066 thesis,
613 1993 686 2049 ante
703 2006 797 2069 quam
815 1986 933 2050 excidit
949 1987 1035 2068 arsis,
1056 1988 1184 2053 induas
1204 1990 1327 2074 breves,

193 2089 280 2154 velut
302 2088 378 2153 Aul.
402 2092 442 2152 24

294 2192 443 2257 Maurum
466 2194 592 2258 aedium
615 2194 643 2257 tt
667 2195 860 2259 coacldm‘rtrrt
890 2195 967 2259 ruthe·
996 2197 1138 2279 pdror'drrr
1163 2199 1167 2282 Ι
1184 2199 1327 2282 fder'tr's?

236 2299 276 2359 28
295 2295 332 2361 St
353 2298 398 2361 od
419 2298 549 2362 r'datmm
571 2300 631 2362 bete
654 2300 831 2383 accesseris,
854 2301 918 2364 cist
939 2300 1071 2381 talesam,
1098 2298 1101 2386 l
1125 2303 1268 2387 prdpr'us.

250 2446 254 2463 .
294 2400 430 2484 Deque
454 2402 614 2468 solutione
637 2403 669 2466 in
691 2403 708 2484 ξ
733 2405 750 2464 7
775 2405 953 2467 accuratius
977 2412 1100 2487 agetur.

719 2672 788 2753 su.

294 2819 357 2884 Sed
380 2842 421 2884 ne
444 2820 476 2884 in
494 2820 615 2884 Graeca
639 2820 764 2906 quidem
780 2822 871 2905 poesi
885 2822 1001 2886 desunt
1016 2844 1136 2906 versus,
1160 2825 1192 2886 in
1212 2824 1324 2908 quibus

191 2945 291 2990 vacuo
322 2931 475 3011 tempore,
507 2946 570 2988 non
601 2924 682 2988 thesi
714 2927 842 2989 trisema
872 2927 1009 2991 voluisse
1039 2934 1153 3010 poetas
1184 2927 1323 3012 rhythmi

190 3029 292 3112 legem
315 3029 482 3093 restituere
507 3030 599 3092 certis
623 3029 744 3093 indiciis
767 3030 938 3114 probatur:
964 3053 1074 3095 versus
1098 3031 1167 3095 dico
1184 3031 1324 3116 insignes

191 3134 294 3196 soluta
316 3133 399 3196 thesi
422 3133 489 3197 eins
517 3133 615 3218 pedis,
647 3134 736 3197 cuius
767 3134 846 3198 arsis
877 3156 934 3218 per
966 3156 1126 3219 syncopae
1156 3122 1324 3199 artificium

192 3243 238 3301 est
259 3237 396 3317 sublata,
420 3258 492 3300 cum
515 3259 608 3303 nemo
632 3238 754 3303 nesciat
769 3238 874 3303 thesin
890 3239 1050 3304 trisemam
1065 3239 1098 3302 in
1113 3240 1192 3303 duas
1210 3239 1322 3304 breves

191 3341 269 3404 solvi
291 3361 357 3405 non
380 3361 484 3426 posse.

275 3444 537 3528 ¹Frequenticres
561 3468 601 3510 ex
625 3446 686 3509 hcc
714 3467 830 3530 genere
861 3451 936 3510 sunt
960 3445 982 3508 ii
1004 3467 1127 3525 versusy
1155 3447 1323 3532 inquibus

190 3570 254 3613 non
277 3549 375 3613 thesis
398 3549 466 3613 eins
488 3549 588 3634 pedis,
613 3550 666 3634 qui
688 3550 751 3613 arsi
774 3556 870 3624 caret,
893 3549 970 3630 sola,
994 3549 1049 3612 sed
1073 3569 1144 3611 cum
1162 3550 1243 3613 thesi
1259 3573 1322 3614 una

191 3661 244 3718 aut
274 3653 489 3737 compluribus
523 3653 656 3717 aliorum
688 3653 806 3738 pedum
840 3660 887 3718 est
920 3653 1039 3732 soluta,
1069 3655 1158 3717 velut
1190 3651 1323 3720 dimeter

190 3766 339 3823 constans
363 3778 403 3820 ex
426 3758 564 3822 diiambo
588 3779 652 3821 non
676 3766 852 3844 syncopato
876 3766 908 3823 et
925 3758 1039 3822 cretico
1056 3758 1164 3842 primis
1179 3757 1322 3822 thesibus

92 3889 94 3893 ’
190 3863 299 3927 solutis
313 3863 489 3948 insignibus
504 3861 537 3944 (υ
554 3881 588 3934 ω
605 3898 623 3934 u
641 3901 682 3910 -
703 3866 707 3940 l
729 3861 756 3931 Λ
778 3864 812 3916 ffo
830 3886 848 3917 υ
868 3861 922 3942 —)
939 3885 965 3927 e.
983 3884 1013 3947 g.
1032 3861 1108 3926 Eur.
1126 3861 1237 3946 Suppl.
1259 3864 1321 3925 824

524 3967 604 4033 ἴδετε
627 3975 726 4032 κακῶν
748 3967 886 4050 πέλαγος,
911 3962 946 4032 ὦ.

189 4076 244 4135 aut
266 4070 401 4135 dimeter
423 4073 485 4149 ille,
509 4073 563 4157 qui
585 4073 681 4156 vulgo
711 4095 767 4158 pro
800 4073 962 4136 trochaico
993 4070 1137 4151 habetur,
1168 4069 1227 4133 etsi
1257 4068 1320 4132 usi·

188 4175 361 4239 tatissimns
385 4177 488 4240 estin
513 4178 651 4263 strophis
676 4176 827 4255 iambicis,
849 4182 996 4242 constans
1018 4197 1058 4239 ex
1081 4173 1207 4254 cretico,
1232 4172 1318 4258 cuius

191 4314 391 4323 ——·-—-—

291 4401 374 4454 ¹Gfr.
394 4401 492 4469 (lhrist,
513 4401 607 4455 Metr.²
625 4419 652 4470 p.
671 4400 729 4456 348.
