3038 5010
662 291 873 351 „21-

280 477 444 544 mpouus
467 479 530 543 duc
554 483 686 543 exstant
710 478 877 564 exempla:
901 479 939 542 fr.
965 481 1005 544 38

346 622 402 689 καί
425 619 649 710 ξυνεγιγνόμην
673 617 724 689 ἀεὶ
747 628 818 702 τοῖς
840 617 985 709 ἀγαθοῖς
1007 620 1181 712 φάγροισιν

345 751 818 788 .................
831 738 864 790 e,

201 863 229 922 et
249 857 285 921 fr.
305 858 376 938 163,
401 855 516 921 eodem
539 862 642 920 metro
666 857 891 942 compositum,
915 877 978 941 quc
1004 857 1214 943 Sapphcncm
1237 881 1330 922 usam

199 982 264 1025 esse
280 959 318 1024 fr.
336 962 387 1042 61,
403 962 529 1040 99,100
546 965 579 1023 et
594 959 838 1024 Anacreontem
853 959 891 1023 fr.
905 961 944 1023 34
963 982 1060 1045 supra
1076 961 1330 1026 commemoravi

197 1085 246 1150 pp.
270 1066 299 1144 6,
325 1067 354 1144 7,
378 1065 412 1127 8;

396 1173 434 1262 δς
454 1180 595 1268 χαρίτων
616 1182 675 1268 μὲν
697 1177 774 1265 ὄζει,

396 1282 599 1372 καλλαβίδας
621 1285 657 1352 δὲ
679 1283 796 1371 βαίνει,
873 1331 982 1354 m-
1015 1331 1062 1354 υ-
1079 1347 1094 1356 -

398 1388 585 1477 σησαμίδας
607 1389 643 1456 δὲ
664 1388 757 1473 χέζει,

395 1496 485 1584 μῆλα
507 1493 544 1561 δὲ
563 1487 733 1581 χρέμπτεί
760 1488 820 1561 ἀεί.
867 1539 914 1564 ,ο
930 1539 979 1563 ο-
1012 1539 1060 1565 υ-
1075 1558 1090 1565 -

277 1635 402 1701 Tacere
436 1637 517 1701 mihi
550 1637 648 1701 liceat
682 1635 722 1701 de
757 1636 913 1700 Hsuuuuu
947 1637 986 1703 fr.
1016 1640 1071 1718 58,
1102 1639 1193 1702 cuius
1225 1638 1329 1703 forma

192 1739 328 1805 metrica
350 1739 433 1805 adeo
457 1746 608 1826 corrupta
631 1761 705 1805 esse
729 1740 869 1821 videtur,
894 1746 929 1805 ut
953 1741 1062 1804 sanari
1085 1741 1141 1805 vix
1164 1742 1278 1827 possit.

276 1997 496 2064 Transeamus
539 2020 623 2063 nuuc
659 1999 701 2062 ad
736 1998 994 2080 Amssceuuusu,
1041 2001 1095 2085 qui
1133 2021 1327 2085 quamquam

190 2100 303 2187 paucis
334 2103 415 2167 locis
452 2104 530 2167 nihil
564 2103 626 2167 nisi
657 2103 878 2166 choriambum
915 2103 1000 2167 inter
1029 2105 1155 2169 iambos
1188 2105 1327 2184 admisit,

190 2210 300 2269 tamen
323 2227 388 2270 non
411 2207 509 2292 plane
533 2205 677 2271 abstinet
700 2206 842 2291 strophis
864 2206 927 2271 hcc
950 2207 1046 2271 modo
1071 2210 1274 2294 compositis:

492 2355 568 2421 nub.
594 2356 764 2418 563-574
778 2386 818 2407 =
837 2359 1024 2419 sss-605:

190 2486 394 2579 ὗιγιμέδοντα
416 2493 475 2577 μὲν
496 2495 585 2560 θεῶν
610 2496 701 2583 Ζῆνα
723 2491 876 2581 τύραννον
904 2494 937 2574 ἐς
965 2491 1061 2581 χορὸν
1083 2499 1200 2583 πρῶτα
1226 2495 1328 2584 μέγαν

1059 2596 1237 2689 κικλήσκω·
1275 2633 1321 2674 565

190 2693 244 2764 τόν
265 2722 301 2764 τε
323 2701 511 2788 μεγασθενῆ
532 2695 677 2787 τριαίνης
699 2697 830 2784 ταμίαν,

190 2803 246 2890 γῆς
267 2825 303 2869 τε
326 2800 382 2867 καί
406 2796 551 2889 ἁλμυρᾶς
573 2799 747 2890 θαλάσσης
769 2797 880 2890 ίίγριον
901 2802 1095 2895 μοχλευτήν·

455 2948 470 2954 -
501 2933 521 2955 ο
534 2950 549 2956 -
706 2935 725 2956 ο
786 2934 806 2956 ο
820 2950 834 2957 -
1024 2952 1039 2959 -

190 3164 251 3238 Qui
279 3170 471 3250 sequuntur:
503 3164 560 3230 καὶ
582 3160 813 3252 μεγαλώνυμον
841 3160 996 3255 ἡμέτερον
1019 3165 1136 3252 πατέρ’
1157 3169 1224 3234 κτλ.
1249 3192 1322 3235 vcr-

190 3291 242 3333 sus
265 3276 342 3350 sunt
365 3270 526 3357 dactylici.

273 3389 312 3454 In
343 3392 477 3478 stropha
505 3391 740 3477 Thesmophcr.
765 3394 934 3456 953-958
959 3393 992 3455 in
1024 3364 1154 3456 modum
1178 3395 1321 3478 prccdici

193 3493 333 3578 strophis
357 3495 566 3580 sequentibus
589 3496 775 3580 anteposita
798 3496 879 3560 haec
903 3496 1032 3581 scripsit
1056 3503 1166 3582 poeta:

598 3630 692 3721 ὅσον,
715 3632 811 3721 κώεα

391 3738 498 3826 κοῦφα
523 3737 633 3821 ποσὶν,
658 3732 705 3825 t‘y’
731 3738 764 3818 ἐς
786 3735 910 3820 κύκλον,

389 3841 471 3929 χειρὶ
495 3840 639 3909 σύναπτε
661 3848 762 3929 χεῖρα,

391 3941 518 4033 ῥυθμὸν
539 3944 669 4034 χορείας
691 3943 797 4033 ῖίπαγε
820 3951 929 4013 πᾶσα·
952 3951 1044 4032 βαῖνε

392 4047 616 4136 καρπαλίμοιν
638 4052 768 4117 ποδοῖν.

391 4151 588 4220 ἐπισκοπεῖν
610 4154 646 4221 δὲ
668 4156 821 4241 πανταχῆ

391 4257 571 4324 κυκλοῦσαν
593 4252 685 4342 δ’μμοι
703 4253 766 4346 ’χρὴ
790 4259 888 4344 χοροῦ
910 4254 1119 4323 κατάστασιν.
