3038 5010
188 953 326 1017 Duobus
352 954 433 1017 loeis
461 958 645 1038 corruptam
671 907 868 1016 oirbumlerri
892 955 984 1017 metri
1009 955 1146 1018 formam
1175 963 1325 1042 apparet:

189 1050 342 1121 versibus
361 1061 452 1122 3-4,
472 1060 565 1123 5-6.
600 1056 684 1119 Nam
701 1078 729 1118 v,
745 1058 762 1119 3
780 1056 923 1120 abundat
945 1058 1072 1142 syllaba
1089 1060 1186 1144 longa
1203 1061 1236 1122 in
1252 1061 1325 1139 fine,

190 1168 257 1228 v.4
279 1164 312 1226 in
335 1162 436 1243 initio,
461 1162 503 1226 ad
526 1184 606 1247 quas
630 1162 776 1224 conferas
802 1160 965 1246 spondeos
989 1163 1084 1226 simili
1108 1165 1177 1227 loeo
1200 1165 1324 1250 positos

190 1266 328 1351 Lysistr.
359 1268 419 1328 323
436 1297 476 1318 =
495 1268 556 1329 337
585 1263 697 1351 (supra
720 1287 751 1348 p.
776 1266 830 1347 30)
857 1272 890 1328 et
904 1296 906 1301 ·
920 1265 1037 1350 Oedip.
1063 1289 1086 1330 r.
1118 1270 1178 1330 493
1196 1299 1235 1320 =
1254 1271 1327 1333 503.

190 1354 231 1416 In
261 1357 334 1416 ao
370 1352 505 1416 offendit
540 1353 665 1436 syllaba
704 1353 802 1437 longa
839 1353 871 1415 in
905 1353 970 1417 fine
1009 1354 1188 1420 abundans.
1244 1354 1326 1417 Cum

192 1457 398 1520 choriambus
422 1477 495 1520 cum
519 1456 644 1540 syllaba
667 1463 762 1520 torres
786 1456 922 1521 artifieio
939 1456 1098 1542 producta
1112 1479 1176 1520 uno
1194 1457 1325 1522 eodem-

191 1584 255 1647 que
288 1563 360 1626 colo
393 1563 582 1625 coniunctus
611 1581 743 1645 perraro
772 1562 910 1645 legatur,
941 1561 1040 1625 finem
1065 1562 1127 1625 coli
1150 1568 1223 1648 post
1246 1557 1324 1646 ἰαόλ
1423 1591 1426 1599 ·

189 1667 223 1729 in
248 1666 392 1751 stropha,
417 1671 492 1751 post
506 1662 569 1730 ἕπε’
585 1663 588 1749 l
606 1665 639 1727 in
656 1665 861 1750 antistropha
877 1671 1021 1730 statuere
1037 1667 1148 1730 malim
1165 1667 1325 1751 syllabas·
1360 1709 1363 1712 »

190 1793 255 1854 que
271 1793 318 1834 ειν
336 1775 368 1834 et
384 1790 460 1834 σσαι
484 1770 681 1853 coniungere
706 1790 777 1831 oum
801 1769 1051 1854 insequentibus
1069 1771 1187 1849 verbis,
1213 1791 1324 1854 quarn-

189 1873 238 1935 vis
258 1874 292 1936 in
311 1872 444 1958 stropha
461 1879 596 1958 punoto⁷
615 1874 646 1935 in
662 1873 867 1957 antistropha
882 1874 1143 1958 interrogationis
1160 1874 1252 1957 signo
1269 1896 1327 1959 po·

190 1978 253 2040 sito
270 1976 358 2062 prior
372 1998 487 2040 versus
505 1999 525 2040 a
539 1977 718 2061 posteriore
735 1983 911 2062 separetur.
944 1976 1144 2040 Monendum
1161 1984 1211 2041 est
1227 1999 1323 2063 prae·

190 2088 284 2145 terea
306 2081 366 2144 hos
390 2101 504 2144 versus
528 2102 592 2144 non
617 2101 712 2144 secus
737 2086 834 2164 atque
862 2082 1070 2165 insequentes
1097 2080 1324 2167 (troo—1210

190 2216 231 2238 =
251 2182 476 2269 1218-1222)

499 2289 610 2368 κεῖμαι
634 2280 665 2352 δ)
687 2282 864 2373 ἀμέριμνος
887 2283 998 2367 οὕτως,

500 2382 551 2454 ἀεὶ
576 2395 731 2469 ποκιναῖς
753 2386 884 2478 δρόσοις

499 2489 687 2579 τεγγόμενος
709 2490 822 2579 κόμας,

500 2598 618 2684 λογρᾶς
638 2593 793 2686 μνήματα
820 2595 956 2685 Τροίας·

189 2709 401 2793 logaoedioos
426 2710 541 2774 haberi
563 2732 672 2796 posse.

278 2866 317 2930 In
340 2867 464 2931 duabus
494 2868 634 2954 strophis
657 2867 823 2932 Ennianus
850 2869 1037 2932 ohoriambo
1065 2871 1160 2933 simul
1189 2878 1220 2934 ot
1248 2876 1323 2934 tone

190 2994 271 3036 usus
297 2979 362 3036 est:

468 3058 592 3124 Alcest.
610 3061 779 3123 nra—225
797 3091 836 3113 =
855 3059 1038 3123 nno-237:

192 3174 325 3234 ΗΜΛ.
361 3166 400 3235 lot
418 3171 475 3256 (an
498 3160 526 3234 ιδ
534 3170 562 3255 l)
587 3171 660 3250 Ζεῦ,
684 3167 736 3248 εἰς
758 3165 797 3234 δῖν
819 3165 924 3256 πόρος
945 3172 1053 3235 κακοῦν

357 3272 480 3359 γένοιτο
503 3272 560 3338 καὶ
582 3269 674 3352 λύσις
695 3269 795 3355 ιόχας
818 3263 840 3337 δ
862 3269 1002 3360 πάρεστι
1026 3269 1204 3359 κοιράνοις,·

192 3381 318 3442 ΗΜΒ.
357 3373 459 3456 ἔξεισί
480 3403 547 3457 τις,·
569 3371 592 3466 ἢ
613 3376 700 3460 σέμιο
723 3374 817 3464 τρίχα
1277 3411 1321 3448 215

356 3479 413 3545 καὶ
435 3479 559 3564 μέλανα
582 3475 723 3564 σιολμὸν
745 3479 882 3546 πέπλων
906 3473 1165 3567 dominatibus&
1187 3474 1266 3568 ἤδνμ

193 3588 326 3648 ΗΜΛ.
360 3584 443 3672 δῆλα
464 3583 533 3667 μὲν,
557 3580 659 3672 φίλοι,
684 3581 766 3672 δῆλά
788 3577 826 3670 γ’,
847 3576 913 3648 ἀλλ)
933 3579 1022 3667 ὅμως

357 3693 487 3756 θεοῖσιν
510 3684 719 3774 εὐχώμεσθα·
743 3691 831 3756 θεῶν
853 3685 913 3776 γὰρ
937 3686 1073 3774 δύναμις
1096 3685 1244 3776 μεγίσια.

252 3795 325 3858 ΧΟ.
360 3783 446 3874 ὦναξ
468 3789 588 3872 Παιὰν,
1276 3824 1321 3863 aro

358 3892 464 3983 ἔξευρε
486 3893 631 3985 μηχανήν
652 3890 709 3961 τιν’
725 3890 878 3985 >Αδμήιῳ
895 3900 1018 3979 κακῶν,

358 3994 473 4085 πόριζε
500 3994 540 4086 δὴ
564 3994 693 4084 πόριζε·
716 3997 772 4063 καὶ
796 3994 903 4084 πόρος
925 3994 985 4084 γὰρ

411 4096 500 4168 τοῦδ’
526 4101 666 4189 ἔφεδρος,
689 4100 746 4166 καὶ
769 4104 822 4167 νῦν

359 4201 509 4293 λυτήριος
532 4204 567 4271 ἐκ
589 4202 738 4271 θανάτου
762 4207 862 4292 γενοῦ,

360 4303 473 4397 φόνιόν
494 4303 519 4374 τ’
540 4302 740 4375 διπόπαοσον
756 4304 882 4374 Ἅιδαν.
