3038 5010
652 300 694 310 -
738 264 779 325 ω
824 301 864 310 „

189 456 264 537 post
289 457 398 516 autem
422 475 453 538 p.
470 455 510 517 58
534 453 566 515 in
591 453 696 538 capite
719 450 797 540 περὶ
814 447 1131 538 ττολοσχηματίστων
1153 453 1239 517 idem
1253 450 1327 517 He-

190 558 360 642 phaestion
384 558 444 621 hos
467 579 579 622 versus
603 559 771 644 epionicos
795 561 956 646 appellat:

395 704 784 741 ..............
789 678 959 764 moab

189 787 338 872 Epionici
365 810 441 852 vero
471 810 534 851 non
565 810 659 852 secus
689 795 786 873 atque
817 789 1080 874 epichoriambici
1114 790 1138 854 ii
1168 795 1329 855 vocantur

190 913 318 972 versus,
350 893 403 977 qui
428 892 468 955 ab
493 892 565 956 aliis
589 893 701 956 metris
724 892 917 977 incipientes
941 899 1111 957 transeunt
1134 892 1174 956 ad
1197 892 1324 956 ionicos

190 996 242 1058 vel
267 994 482 1060 choriamhos.
527 995 653 1058 Eodem
680 995 776 1058 modo
808 996 973 1080 epionicos
996 997 1223 1083 Hephaestion
1245 996 1327 1060 Alc-

190 1099 294 1163 manis
317 1099 355 1162 fr.
377 1101 428 1164 83.
445 1101 485 1163 84
509 1104 620 1180 vocat,
651 1099 768 1183 quibus
791 1099 887 1163 ionici
910 1100 1057 1164 iambicis
1080 1099 1221 1185 dipodiis
1245 1098 1326 1163 sub-

189 1202 290 1265 iuncti
324 1203 542 1280 continentur,
580 1222 677 1285 quam
706 1201 826 1287 pedum
857 1203 1046 1267 societatem
1076 1201 1217 1266 eundem
1245 1201 1325 1267 Alo·

189 1324 286 1366 mana
315 1302 353 1369 fr.
377 1305 417 1367 87
442 1324 587 1387 quoqne,
615 1302 857 1367 Anacreontem
881 1311 990 1368 antem
1022 1306 1059 1369 fr.
1084 1307 1212 1368 47-49
1236 1325 1326 1368 com-

190 1407 341 1493 posuisse
366 1428 463 1490 supra
487 1406 747 1492 demonstravi.2)
789 1406 857 1471 Nos
882 1409 961 1471 istos
984 1430 1097 1473 versus
1120 1410 1241 1473 rectius
1265 1409 1325 1471 tri·

190 1517 311 1573 metros
336 1510 460 1573 ionicos
484 1509 671 1573 vocabimus
695 1510 838 1575 admisso
866 1512 899 1574 in
933 1513 1039 1597 prima
1062 1511 1140 1576 sede
1171 1511 1326 1593 diiambo,

189 1624 302 1702 utpote
335 1617 501 1701 primitiva
525 1616 624 1679 ionici
646 1617 759 1697 forma,
783 1617 937 1701 insignes.

87 1807 89 1811 y
274 1720 376 1784 Ionici
407 1712 627 1802 ἀνακλώμενα
660 1721 757 1805 vulgo
794 1727 981 1785 statuuntur
1013 1722 1110 1786 etiarn
1145 1722 1178 1785 in
1213 1721 1251 1786 fr.
1284 1723 1325 1791 87

191 1825 391 1912 Sapphonis:

430 1907 480 1976 Ζὰ
506 1906 564 1998 (δ’)
590 1906 749 1995 ἐλιξοὶμαν
773 1905 850 1996 ὄναρ
874 1907 1099 2000 Κοττρογενήᾳ.

189 2101 312 2164 Verum
340 2123 414 2165 cum
450 2103 510 2165 hac
546 2123 699 2166 mensura
732 2125 796 2167 non
832 2103 1038 2166 consentiunt
1067 2102 1326 2189 Hephaestionis

191 2205 340 2282 verba:³)

279 2326 351 2390 Τῶν
371 2324 407 2391 δέ
425 2324 603 2412 τριμέτρων
622 2326 705 2411 (soil.
723 2322 860 2392 ἱωνινιῦν
882 2320 940 2392 ἀπ’
959 2321 1139 2407 ἐλάττονος,
1162 2348 1227 2391 non
1243 2318 1325 2391 ἄνα-

189 2427 373 2515 κλωμένων)
396 2425 434 2494 τὸ
457 2428 516 2513 μὲν
539 2422 762 2516 ἆνατάληκτον

498 2527 698 2615 ζαελιξάμαν
722 2525 799 2618 ὅναρ
822 2529 1021 2618 κοπρογέννα

191 2635 283 2719 τταροὶ
305 2659 343 2721 cp
367 2639 506 2723 Σαπφοῖ
530 2636 581 2719 (fr.
607 2638 678 2721 87)·

191 2734 283 2823 παρὰ
307 2737 343 2803 δὲ
362 2732 566 2826 Ἀνακρέοντι
592 2740 643 2824 (fr.
668 2741 722 2823 50)
746 2735 884 2822 ἑτέρως
906 2736 1142 2828 ἐσχημάτισται

277 2834 347 2907 ἇττό
367 2866 427 2923 μοι
449 2845 564 2907 θανεῖν
586 2835 718 2928 μένοιτῒ·
743 2835 779 2908 οὗ
804 2837 864 2927 γὰρ
888 2837 927 2907 dv
949 2836 1029 2929 ἄλλη

277 2939 368 3022 λύσις
389 2943 426 3009 ἐκ
447 2940 557 3010 στόνων
579 2939 691 3031 γένοιτ’
718 2938 847 3028 σι’·ὁαμὰ
873 2946 956 3031 (cod.
981 2940 1125 3033 οὐδάμα)
1147 2947 1257 3015 τῶνδε.

194 3075 247 3139 Sic
270 3075 354 3138 hunc
378 3077 485 3140 locum
509 3076 645 3141 exhibet
668 3078 809 3163 optimus
833 3077 1090 3163 Hephaestionis
1115 3078 1219 3142 codex
1242 3080 1323 3143 Am-

192 3183 363 3246 brosianus
394 3188 477 3245 teste
509 3182 744 3246 Studemnndo
789 3181 902 3246 Verba
928 3183 1103 3267 fragmenti
1132 3183 1254 3270 Sapph.
1279 3187 1320 3249 87

192 3309 364 3373 perperam
387 3288 427 3350 ab
456 3287 639 3351 hominibus
668 3288 770 3352 doctis
799 3289 975 3351 constituta
1003 3308 1076 3353 esse
1106 3308 1146 3351 eo
1175 3296 1324 3375 apparet,

193 3391 279 3476 quod
302 3390 434 3454 schema
458 3392 627 3455 metricum
650 3393 745 3456 huius
762 3392 935 3476 fragmenti
950 3391 1037 3455 idem
1055 3397 1106 3456 est
1122 3398 1220 3476 atque
1244 3392 1324 3457 duo-

192 3516 263 3558 rum
279 3494 495 3558 Anacreontis
519 3517 680 3575 versuum,
705 3497 758 3580 qui
781 3500 891 3559 tamen
914 3490 1029 3579 ἑτέρως
1050 3491 1324 3583 ἐσχηματισμένοι

194 3600 234 3663 ab
257 3598 504 3684 Hephaestione
535 3598 694 3664 dicuntur.
747 3599 832 3673 Quid
864 3599 995 3686 Sappho
1026 3598 1206 3685 scripserit,
1239 3600 1325 3664 diffi-

194 3702 255 3766 cile
279 3710 329 3765 est
353 3701 454 3775 dictu;
477 3702 617 3766 fortasse
641 3703 722 3769 haec
747 3703 898 3769 dederat:

424 3816 464 3901 ζὰ
490 3814 548 3905 (d)
572 3815 654 3901 ἔλεξ’
681 3815 703 3886 r'r'
716 3847 790 3906 ιμον
813 3816 890 3909 ἶν’ναρ
912 3818 1129 3912 Κυντρομενήᾳ

265 4056 286 4121 ¹)
305 4052 339 4109 cf.
357 4053 483 4123 Eupolid.
502 4053 534 4106 fr.
553 4052 689 4106 noc-292
708 4071 735 4122 p.
755 4054 795 4108 75.
815 4053 856 4108 76.

264 4139 501 4210 bpffipffi

265 4230 285 4297 ³)
305 4226 454 4296 Hephaest.
475 4244 501 4295 p.
520 4227 562 4280 39.
