<?xml version="1.0" encoding="UTF-8"?>
<!DOCTYPE html PUBLIC "-//W3C//DTD XHTML 1.0 Transitional//EN"
    "http://www.w3.org/TR/xhtml1/DTD/xhtml1-transitional.dtd">
<html xmlns="http://www.w3.org/1999/xhtml" xml:lang="en" lang="en">
 <head>
  <title>
</title>
<meta http-equiv="Content-Type" content="text/html;charset=utf-8" />
  <meta name='ocr-system' content='tesseract 3.04.00' />
  <meta name='ocr-capabilities' content='ocr_page ocr_carea ocr_par ocr_line ocrx_word'/>
</head>
<body>
  <div class='ocr_page' id='page_1' title='image "./deversumdochmia00pickgoog_0030.png"; bbox 0 0 3038 5010; ppageno 0'>
   <div class='ocr_carea' id='block_1_1' title="bbox 710 448 1319 532">
    <p class='ocr_par' dir='ltr' id='par_1_1' title="bbox 710 448 1319 532">
     <span class='ocr_line' id='line_1_1' title="bbox 710 448 1319 532; baseline 0.01 -21"><span class='ocrx_word' id='word_1_1' title='bbox 710 448 802 532; x_wconf 68' lang='lat' dir='ltr'>prm</span> <span class='ocrx_word' id='word_1_2' title='bbox 1283 456 1319 517; x_wconf 82' lang='lat'>21</span> 
     </span>
    </p>
   </div>
   <div class='ocr_carea' id='block_1_2' title="bbox 189 635 1327 2391">
    <p class='ocr_par' dir='ltr' id='par_1_2' title="bbox 192 635 1326 930">
     <span class='ocr_line' id='line_1_2' title="bbox 294 635 1326 728; baseline 0.007 -29"><span class='ocrx_word' id='word_1_3' title='bbox 294 636 328 721; x_wconf 85' lang='lat' dir='ltr'>g)</span> <span class='ocrx_word' id='word_1_4' title='bbox 351 635 496 700; x_wconf 91' lang='lat' dir='ltr'>Dimeter</span> <span class='ocrx_word' id='word_1_5' title='bbox 519 642 670 701; x_wconf 79' lang='lat' dir='ltr'><strong>constans</strong></span> <span class='ocrx_word' id='word_1_6' title='bbox 694 660 734 701; x_wconf 86' lang='lat' dir='ltr'>ex</span> <span class='ocrx_word' id='word_1_7' title='bbox 758 638 882 704; x_wconf 90' lang='lat' dir='ltr'>duobus</span> <span class='ocrx_word' id='word_1_8' title='bbox 906 642 1029 705; x_wconf 78' lang='lat' dir='ltr'>creticis</span> <span class='ocrx_word' id='word_1_9' title='bbox 1052 641 1326 728; x_wconf 84' lang='lat' dir='ltr'>frequentissimus</span> 
     </span>
     <span class='ocr_line' id='line_1_3' title="bbox 194 738 1029 824; baseline 0.006 -21"><span class='ocrx_word' id='word_1_10' title='bbox 194 742 226 803; x_wconf 92' lang='lat' dir='ltr'>in</span> <span class='ocrx_word' id='word_1_11' title='bbox 248 739 399 823; x_wconf 80' lang='lat' dir='ltr'>Aeschyli</span> <span class='ocrx_word' id='word_1_12' title='bbox 421 738 538 803; x_wconf 86' lang='lat' dir='ltr'>fabulis</span> <span class='ocrx_word' id='word_1_13' title='bbox 562 740 617 821; x_wconf 57' lang='grc' dir='ltr'>(ι-</span> <span class='ocrx_word' id='word_1_14' title='bbox 635 773 654 811; x_wconf 73' lang='lat'>0</span> <span class='ocrx_word' id='word_1_15' title='bbox 673 779 713 786; x_wconf 47' lang='grc' dir='ltr'>ν·</span> <span class='ocrx_word' id='word_1_16' title='bbox 734 748 738 818; x_wconf 69' lang='grc' dir='ltr'>ξ</span> <span class='ocrx_word' id='word_1_17' title='bbox 760 769 796 793; x_wconf 65' lang='grc' dir='ltr'>ι-</span> <span class='ocrx_word' id='word_1_18' title='bbox 816 782 834 813; x_wconf 80' lang='lat' dir='ltr'>o</span> <span class='ocrx_word' id='word_1_19' title='bbox 857 747 919 824; x_wconf 84' lang='lat'>--),</span> <span class='ocrx_word' id='word_1_20' title='bbox 943 746 1029 808; x_wconf 90' lang='lat' dir='ltr'>velut</span> 
     </span>
     <span class='ocr_line' id='line_1_4' title="bbox 192 843 976 930; baseline 0.005 -22"><span class='ocrx_word' id='word_1_21' title='bbox 192 843 308 908; x_wconf 83' lang='lat' dir='ltr'>Aesch.</span> <span class='ocrx_word' id='word_1_22' title='bbox 331 844 420 908; x_wconf 78' lang='lat' dir='ltr'>Pers,</span> <span class='ocrx_word' id='word_1_23' title='bbox 446 844 506 907; x_wconf 78' lang='lat'>126</span> <span class='ocrx_word' id='word_1_24' title='bbox 523 867 530 908; x_wconf 93' lang='lat'>:</span> <span class='ocrx_word' id='word_1_25' title='bbox 549 847 609 908; x_wconf 88' lang='grc'>133</span> <span class='ocrx_word' id='word_1_26' title='bbox 632 846 693 922; x_wconf 78' lang='grc' dir='ltr'><em>παῖς</em></span> <span class='ocrx_word' id='word_1_27' title='bbox 716 846 773 929; x_wconf 78' lang='grc' dir='ltr'>γὰρ</span> <span class='ocrx_word' id='word_1_28' title='bbox 796 845 976 930; x_wconf 80' lang='grc' dir='ltr'><strong><em>ἱππηλάτας.</em></strong></span> 
     </span>
    </p>

    <p class='ocr_par' dir='ltr' id='par_1_3' title="bbox 193 947 1036 1139">
     <span class='ocr_line' id='line_1_5' title="bbox 543 947 1036 1041; baseline 0.01 -29"><span class='ocrx_word' id='word_1_29' title='bbox 543 954 606 1013; x_wconf 82' lang='lat' dir='ltr'>ant.</span> <span class='ocrx_word' id='word_1_30' title='bbox 631 947 739 1032; x_wconf 69' lang='lat' dir='ltr'>hinton</span> <span class='ocrx_word' id='word_1_31' title='bbox 761 948 913 1034; x_wconf 72' lang='grc' dir='ltr'><em>ιλόλνδροῖν</em></span> <span class='ocrx_word' id='word_1_32' title='bbox 935 951 1036 1041; x_wconf 77' lang='grc' dir='ltr'><em>πόθῳ.</em></span> 
     </span>
     <span class='ocr_line' id='line_1_6' title="bbox 193 1052 680 1139; baseline -0.002 -21"><span class='ocrx_word' id='word_1_33' title='bbox 193 1053 246 1118; x_wconf 87' lang='lat' dir='ltr'>cfr.</span> <span class='ocrx_word' id='word_1_34' title='bbox 271 1052 445 1138; x_wconf 86' lang='lat' dir='ltr'>Westphal</span> <span class='ocrx_word' id='word_1_35' title='bbox 468 1054 488 1116; x_wconf 91' lang='lat' dir='ltr'>l.</span> <span class='ocrx_word' id='word_1_36' title='bbox 512 1053 532 1118; x_wconf 90' lang='lat' dir='ltr'>l.</span> <span class='ocrx_word' id='word_1_37' title='bbox 555 1077 585 1139; x_wconf 88' lang='lat' dir='ltr'>p.</span> <span class='ocrx_word' id='word_1_38' title='bbox 610 1056 680 1118; x_wconf 80' lang='lat'>159.</span> 
     </span>
    </p>

    <p class='ocr_par' dir='ltr' id='par_1_4' title="bbox 189 1155 1327 1639">
     <span class='ocr_line' id='line_1_7' title="bbox 293 1155 1323 1241; baseline 0.007 -21"><span class='ocrx_word' id='word_1_39' title='bbox 293 1155 417 1220; x_wconf 85' lang='lat' dir='ltr'>Eodem</span> <span class='ocrx_word' id='word_1_40' title='bbox 439 1155 535 1220; x_wconf 88' lang='lat' dir='ltr'>modo</span> <span class='ocrx_word' id='word_1_41' title='bbox 558 1163 657 1241; x_wconf 85' lang='lat' dir='ltr'>atque</span> <span class='ocrx_word' id='word_1_42' title='bbox 681 1156 812 1229; x_wconf 78' lang='lat' dir='ltr'>dimetri,</span> <span class='ocrx_word' id='word_1_43' title='bbox 829 1166 903 1222; x_wconf 89' lang='lat' dir='ltr'>sunt</span> <span class='ocrx_word' id='word_1_44' title='bbox 927 1161 1104 1225; x_wconf 80' lang='lat' dir='ltr'>trimetri</span> <span class='ocrx_word' id='word_1_45' title='bbox 1135 1169 1166 1227; x_wconf 91' lang='lat' dir='ltr'>et</span> <span class='ocrx_word' id='word_1_46' title='bbox 1196 1169 1323 1228; x_wconf 85' lang='lat' dir='ltr'>tetra-</span> 
     </span>
     <span class='ocr_line' id='line_1_8' title="bbox 191 1260 1327 1351; baseline 0.007 -27"><span class='ocrx_word' id='word_1_47' title='bbox 191 1261 327 1324; x_wconf 89' lang='lat' dir='ltr'>metri</span> <span class='ocrx_word' id='word_1_48' title='bbox 362 1260 544 1345; x_wconf 75' lang='lat' dir='ltr'>compositi,</span> <span class='ocrx_word' id='word_1_49' title='bbox 567 1281 715 1345; x_wconf 22' lang='lat' dir='ltr'>equorum</span> <span class='ocrx_word' id='word_1_50' title='bbox 747 1282 898 1326; x_wconf 88' lang='lat' dir='ltr'>versuum</span> <span class='ocrx_word' id='word_1_51' title='bbox 929 1266 1077 1350; x_wconf 84' lang='lat' dir='ltr'>exempla</span> <span class='ocrx_word' id='word_1_52' title='bbox 1111 1264 1160 1331; x_wconf 90' lang='lat' dir='ltr'>hic</span> <span class='ocrx_word' id='word_1_53' title='bbox 1193 1267 1327 1351; x_wconf 87' lang='lat' dir='ltr'>proferri</span> 
     </span>
     <span class='ocr_line' id='line_1_9' title="bbox 190 1368 1325 1456; baseline 0.006 -28"><span class='ocrx_word' id='word_1_54' title='bbox 190 1386 254 1430; x_wconf 93' lang='lat' dir='ltr'>non</span> <span class='ocrx_word' id='word_1_55' title='bbox 286 1386 368 1448; x_wconf 91' lang='lat' dir='ltr'>opus</span> <span class='ocrx_word' id='word_1_56' title='bbox 400 1370 464 1446; x_wconf 86' lang='lat' dir='ltr'>est,</span> <span class='ocrx_word' id='word_1_57' title='bbox 498 1386 581 1428; x_wconf 40' lang='lat' dir='ltr'>curn*</span> <span class='ocrx_word' id='word_1_58' title='bbox 605 1386 757 1430; x_wconf 90' lang='lat' dir='ltr'>numerus</span> <span class='ocrx_word' id='word_1_59' title='bbox 792 1368 867 1431; x_wconf 85' lang='lat' dir='ltr'>satis</span> <span class='ocrx_word' id='word_1_60' title='bbox 901 1389 1035 1453; x_wconf 83' lang='lat' dir='ltr'>magnus</span> <span class='ocrx_word' id='word_1_61' title='bbox 1070 1392 1089 1434; x_wconf 86' lang='lat' dir='ltr'>a</span> <span class='ocrx_word' id='word_1_62' title='bbox 1122 1369 1325 1456; x_wconf 83' lang='lat' dir='ltr'>Westphalio</span> 
     </span>
     <span class='ocr_line' id='line_1_10' title="bbox 189 1468 1325 1561; baseline 0.008 -29"><span class='ocrx_word' id='word_1_63' title='bbox 189 1468 230 1533; x_wconf 88' lang='lat' dir='ltr'>sit</span> <span class='ocrx_word' id='word_1_64' title='bbox 249 1476 431 1552; x_wconf 85' lang='lat' dir='ltr'>congestus.</span> <span class='ocrx_word' id='word_1_65' title='bbox 468 1468 612 1534; x_wconf 79' lang='lat' dir='ltr'>Sufficiat</span> <span class='ocrx_word' id='word_1_66' title='bbox 631 1470 800 1535; x_wconf 87' lang='lat' dir='ltr'>nonnullos</span> <span class='ocrx_word' id='word_1_67' title='bbox 821 1492 933 1538; x_wconf 84' lang='lat' dir='ltr'>versus</span> <span class='ocrx_word' id='word_1_68' title='bbox 956 1493 975 1536; x_wconf 89' lang='lat' dir='ltr'><strong>a</strong></span> <span class='ocrx_word' id='word_1_69' title='bbox 1000 1475 1114 1539; x_wconf 88' lang='lat' dir='ltr'>cretico</span> <span class='ocrx_word' id='word_1_70' title='bbox 1139 1475 1325 1561; x_wconf 82' lang='lat' dir='ltr'>incipientes</span> 
     </span>
     <span class='ocr_line' id='line_1_11' title="bbox 191 1573 390 1639; baseline -0.015 -3"><span class='ocrx_word' id='word_1_71' title='bbox 191 1573 390 1639; x_wconf 82' lang='lat' dir='ltr'>exscribere:</span> 
     </span>
    </p>

    <p class='ocr_par' dir='ltr' id='par_1_5' title="bbox 189 1679 1220 2391">
     <span class='ocr_line' id='line_1_12' title="bbox 372 1679 1036 1760; baseline 0.009 -14"><span class='ocrx_word' id='word_1_72' title='bbox 372 1708 375 1714; x_wconf 90' lang='grc'><strong><em>’</em></strong></span> <span class='ocrx_word' id='word_1_73' title='bbox 475 1679 1036 1760; x_wconf 75' lang='grc' dir='ltr'>Ι-·(ν···1υ-υ--Ιυ·ϋ-</span> 
     </span>
     <span class='ocr_line' id='line_1_13' title="bbox 190 1778 1049 1869; baseline 0.007 -25"><span class='ocrx_word' id='word_1_74' title='bbox 190 1780 265 1844; x_wconf 82' lang='lat' dir='ltr'>Eur.</span> <span class='ocrx_word' id='word_1_75' title='bbox 288 1779 338 1845; x_wconf 83' lang='lat' dir='ltr'>El.</span> <span class='ocrx_word' id='word_1_76' title='bbox 366 1784 447 1845; x_wconf 82' lang='lat'>1194</span> <span class='ocrx_word' id='word_1_77' title='bbox 469 1782 514 1858; x_wconf 89' lang='grc' dir='ltr'><em>τίς</em></span> <span class='ocrx_word' id='word_1_78' title='bbox 535 1778 628 1860; x_wconf 68' lang='grc' dir='ltr'><em>ξένος,</em></span> <span class='ocrx_word' id='word_1_79' title='bbox 650 1784 695 1859; x_wconf 88' lang='grc' dir='ltr'><em>τίς</em></span> <span class='ocrx_word' id='word_1_80' title='bbox 717 1781 847 1867; x_wconf 69' lang='grc' dir='ltr'><em>εὐσεβής</em></span> <span class='ocrx_word' id='word_1_81' title='bbox 870 1782 943 1865; x_wconf 78' lang='grc' dir='ltr'><em>ε’μόν</em></span> <span class='ocrx_word' id='word_1_82' title='bbox 965 1783 1049 1869; x_wconf 83' lang='grc' dir='ltr'><em>κάρα.</em></span> 
     </span>
     <span class='ocr_line' id='line_1_14' title="bbox 494 1887 1019 1968; baseline 0.004 -10"><span class='ocrx_word' id='word_1_83' title='bbox 494 1914 533 1938; x_wconf 47' lang='lat'>²</span> <span class='ocrx_word' id='word_1_84' title='bbox 551 1921 570 1958; x_wconf 88' lang='grc' dir='ltr'>υ</span> <span class='ocrx_word' id='word_1_85' title='bbox 588 1923 627 1933; x_wconf 90' lang='grc'>-</span> <span class='ocrx_word' id='word_1_86' title='bbox 648 1887 653 1968; x_wconf 94' lang='grc' dir='ltr'>Ι</span> <span class='ocrx_word' id='word_1_87' title='bbox 732 1920 808 1958; x_wconf 82' lang='grc' dir='ltr'>υ-</span> <span class='ocrx_word' id='word_1_88' title='bbox 829 1888 834 1968; x_wconf 97' lang='grc' dir='ltr'>Ι</span> <span class='ocrx_word' id='word_1_89' title='bbox 852 1927 870 1959; x_wconf 87' lang='grc' dir='ltr'>υ</span> <span class='ocrx_word' id='word_1_90' title='bbox 890 1925 925 1936; x_wconf 87' lang='lat'><em>-</em></span> <span class='ocrx_word' id='word_1_91' title='bbox 945 1923 963 1960; x_wconf 87' lang='grc' dir='ltr'><em>ο</em></span> <span class='ocrx_word' id='word_1_92' title='bbox 984 1926 1019 1935; x_wconf 93' lang='grc'>-</span> 
     </span>
     <span class='ocr_line' id='line_1_15' title="bbox 189 1986 1157 2082; baseline 0.009 -30"><span class='ocrx_word' id='word_1_93' title='bbox 189 1986 305 2053; x_wconf 83' lang='lat' dir='ltr'>Aesoh.</span> <span class='ocrx_word' id='word_1_94' title='bbox 329 1989 389 2073; x_wconf 84' lang='lat' dir='ltr'>Ag.</span> <span class='ocrx_word' id='word_1_95' title='bbox 414 1994 476 2056; x_wconf 87' lang='grc'>438</span> <span class='ocrx_word' id='word_1_96' title='bbox 492 2013 499 2054; x_wconf 90' lang='lat'>:</span> <span class='ocrx_word' id='word_1_97' title='bbox 516 1994 577 2055; x_wconf 76' lang='lat'>457</span> <span class='ocrx_word' id='word_1_98' title='bbox 601 1993 650 2055; x_wconf 83' lang='grc' dir='ltr'>καί</span> <span class='ocrx_word' id='word_1_99' title='bbox 671 1996 875 2076; x_wconf 82' lang='grc' dir='ltr'><em>ταλαντοῦχος</em></span> <span class='ocrx_word' id='word_1_100' title='bbox 897 1995 930 2057; x_wconf 81' lang='grc' dir='ltr'>ἐν</span> <span class='ocrx_word' id='word_1_101' title='bbox 951 1990 1036 2082; x_wconf 71' lang='grc' dir='ltr'><em>μάχῃ</em></span> <span class='ocrx_word' id='word_1_102' title='bbox 1060 1993 1157 2076; x_wconf 74' lang='grc' dir='ltr'><em>δορός.</em></span> 
     </span>
     <span class='ocr_line' id='line_1_16' title="bbox 512 2093 1149 2182; baseline 0.009 -23"><span class='ocrx_word' id='word_1_103' title='bbox 512 2102 575 2160; x_wconf 79' lang='lat' dir='ltr'>ant.</span> <span class='ocrx_word' id='word_1_104' title='bbox 599 2093 807 2178; x_wconf 80' lang='grc' dir='ltr'><em>δημοκροίντοο</em></span> <span class='ocrx_word' id='word_1_105' title='bbox 831 2095 936 2180; x_wconf 73' lang='grc' dir='ltr'><em>δ’ἀρᾶς</em></span> <span class='ocrx_word' id='word_1_106' title='bbox 959 2099 1030 2162; x_wconf 71' lang='grc' dir='ltr'><em>τίνει</em></span> <span class='ocrx_word' id='word_1_107' title='bbox 1049 2097 1149 2182; x_wconf 74' lang='grc' dir='ltr'><em>χρέος.</em></span> 
     </span>
     <span class='ocr_line' id='line_1_17' title="bbox 501 2201 1014 2282; baseline 0.004 -11"><span class='ocrx_word' id='word_1_108' title='bbox 501 2228 540 2251; x_wconf 62' lang='lat'>*-</span> <span class='ocrx_word' id='word_1_109' title='bbox 559 2237 613 2271; x_wconf 84' lang='grc' dir='ltr'>υυυ</span> <span class='ocrx_word' id='word_1_110' title='bbox 630 2206 635 2277; x_wconf 78' lang='lat' dir='ltr'>i</span> <span class='ocrx_word' id='word_1_111' title='bbox 655 2238 709 2272; x_wconf 87' lang='grc' dir='ltr'>υυυ</span> <span class='ocrx_word' id='word_1_112' title='bbox 725 2240 743 2270; x_wconf 86' lang='grc' dir='ltr'><strong>υ</strong></span> <span class='ocrx_word' id='word_1_113' title='bbox 761 2237 801 2246; x_wconf 88' lang='grc'>··“</span> <span class='ocrx_word' id='word_1_114' title='bbox 822 2201 826 2282; x_wconf 76' lang='lat' dir='ltr'>i</span> <span class='ocrx_word' id='word_1_115' title='bbox 845 2241 863 2271; x_wconf 88' lang='grc' dir='ltr'><strong>υ</strong></span> <span class='ocrx_word' id='word_1_116' title='bbox 882 2240 921 2247; x_wconf 88' lang='grc'>··</span> <span class='ocrx_word' id='word_1_117' title='bbox 940 2245 957 2272; x_wconf 92' lang='grc' dir='ltr'>υ</span> <span class='ocrx_word' id='word_1_118' title='bbox 975 2240 1014 2249; x_wconf 63' lang='lat'>*-</span> 
     </span>
     <span class='ocr_line' id='line_1_18' title="bbox 190 2300 1220 2391; baseline 0.008 -27"><span class='ocrx_word' id='word_1_119' title='bbox 190 2300 287 2386; x_wconf 82' lang='lat' dir='ltr'>Soph.</span> <span class='ocrx_word' id='word_1_120' title='bbox 310 2301 387 2366; x_wconf 81' lang='lat' dir='ltr'>Ant.</span> <span class='ocrx_word' id='word_1_121' title='bbox 411 2303 568 2368; x_wconf 74' lang='lat'>3603370</span> <span class='ocrx_word' id='word_1_122' title='bbox 592 2304 780 2386; x_wconf 85' lang='grc' dir='ltr'><em>παντοπόρος</em></span> <span class='ocrx_word' id='word_1_123' title='bbox 802 2301 913 2386; x_wconf 73' lang='grc' dir='ltr'><em>ἄπορος</em></span> <span class='ocrx_word' id='word_1_124' title='bbox 935 2305 1070 2370; x_wconf 76' lang='grc' dir='ltr'><em>ἐπὀὐκλὲν</em></span> <span class='ocrx_word' id='word_1_125' title='bbox 1093 2306 1220 2391; x_wconf 76' lang='grc' dir='ltr'><em>ἔρχεται.</em></span> 
     </span>
    </p>
   </div>
   <div class='ocr_carea' id='block_1_3' title="bbox 583 2407 1274 2499">
    <p class='ocr_par' dir='ltr' id='par_1_6' title="bbox 583 2407 1274 2499">
     <span class='ocr_line' id='line_1_19' title="bbox 583 2407 1274 2499; baseline 0.003 -26"><span class='ocrx_word' id='word_1_126' title='bbox 583 2415 648 2474; x_wconf 85' lang='lat' dir='ltr'>ant.</span> <span class='ocrx_word' id='word_1_127' title='bbox 671 2408 814 2488; x_wconf 74' lang='grc' dir='ltr'><em>ὑψίπολις</em></span> <span class='ocrx_word' id='word_1_128' title='bbox 837 2407 940 2487; x_wconf 79' lang='grc' dir='ltr'><em>ἄπολις</em></span> <span class='ocrx_word' id='word_1_129' title='bbox 963 2408 1024 2499; x_wconf 74' lang='grc' dir='ltr'>ὅτῳ</span> <span class='ocrx_word' id='word_1_130' title='bbox 1047 2409 1083 2474; x_wconf 73' lang='lat' dir='ltr'>tri</span> <span class='ocrx_word' id='word_1_131' title='bbox 1104 2409 1151 2494; x_wconf 71' lang='grc' dir='ltr'>μή</span> <span class='ocrx_word' id='word_1_132' title='bbox 1174 2410 1274 2476; x_wconf 85' lang='grc' dir='ltr'><em>καλόν.</em></span> 
     </span>
    </p>
   </div>
   <div class='ocr_carea' id='block_1_4' title="bbox 190 2512 1322 3222">
    <p class='ocr_par' dir='ltr' id='par_1_7' title="bbox 190 2512 1322 3222">
     <span class='ocr_line' id='line_1_20' title="bbox 372 2512 1158 2596; baseline 0.004 -14"><span class='ocrx_word' id='word_1_133' title='bbox 372 2512 1158 2596; x_wconf 51' lang='grc' dir='ltr'>ι-11-1ιν”υ--1ῦοινυ--1υ--ο-</span> 
     </span>
     <span class='ocr_line' id='line_1_21' title="bbox 190 2611 1321 2700; baseline 0.006 -24"><span class='ocrx_word' id='word_1_134' title='bbox 190 2611 304 2677; x_wconf 79' lang='lat' dir='ltr'>Aesch.</span> <span class='ocrx_word' id='word_1_135' title='bbox 321 2614 407 2700; x_wconf 81' lang='lat' dir='ltr'>Sept.</span> <span class='ocrx_word' id='word_1_136' title='bbox 424 2618 486 2680; x_wconf 83' lang='lat'>832</span> <span class='ocrx_word' id='word_1_137' title='bbox 499 2638 505 2680; x_wconf 93' lang='lat'><strong>:</strong></span> <span class='ocrx_word' id='word_1_138' title='bbox 518 2618 580 2680; x_wconf 84' lang='lat'>840</span> <span class='ocrx_word' id='word_1_139' title='bbox 597 2612 620 2679; x_wconf 79' lang='lat' dir='ltr'>oi</span> <span class='ocrx_word' id='word_1_140' title='bbox 636 2615 762 2697; x_wconf 73' lang='grc' dir='ltr'><em>μέλαινα</em></span> <span class='ocrx_word' id='word_1_141' title='bbox 779 2618 826 2679; x_wconf 84' lang='grc' dir='ltr'>καί</span> <span class='ocrx_word' id='word_1_142' title='bbox 842 2616 940 2680; x_wconf 70' lang='grc' dir='ltr'><em>τελεία</em></span> <span class='ocrx_word' id='word_1_143' title='bbox 956 2615 1055 2698; x_wconf 69' lang='grc' dir='ltr'><em>γένεος</em></span> <span class='ocrx_word' id='word_1_144' title='bbox 1073 2617 1200 2681; x_wconf 70' lang='grc' dir='ltr'><em>Οἰδίπου</em></span> <span class='ocrx_word' id='word_1_145' title='bbox 1222 2616 1321 2700; x_wconf 73' lang='grc' dir='ltr'><em>τὀἱροί.</em></span> 
     </span>
     <span class='ocr_line' id='line_1_22' title="bbox 510 2717 1322 2805; baseline 0.002 -22"><span class='ocrx_word' id='word_1_146' title='bbox 510 2726 574 2784; x_wconf 80' lang='lat' dir='ltr'>ant.</span> <span class='ocrx_word' id='word_1_147' title='bbox 597 2718 771 2803; x_wconf 73' lang='grc' dir='ltr'><em>ἔξὲπραξεν,</em></span> <span class='ocrx_word' id='word_1_148' title='bbox 806 2717 982 2785; x_wconf 69' lang='grc' dir='ltr'><em>οὐδὀίπεῖπε</em></span> <span class='ocrx_word' id='word_1_149' title='bbox 1012 2719 1171 2805; x_wconf 71' lang='grc' dir='ltr'><em>πατρόθεν</em></span> <span class='ocrx_word' id='word_1_150' title='bbox 1199 2720 1322 2787; x_wconf 75' lang='grc' dir='ltr'><em>εὐκταία</em></span> 
     </span>
     <span class='ocr_line' id='line_1_23' title="bbox 594 2822 692 2909; baseline 0.02 -23"><span class='ocrx_word' id='word_1_151' title='bbox 594 2822 692 2909; x_wconf 82' lang='grc' dir='ltr'><em>φάτις.</em></span> 
     </span>
     <span class='ocr_line' id='line_1_24' title="bbox 388 2928 1132 3010; baseline 0.001 -11"><span class='ocrx_word' id='word_1_152' title='bbox 388 2928 1132 3010; x_wconf 54' lang='grc' dir='ltr'>ι-υ--Ιυ--υ--Ιῑ-υ··1υ-υ·-</span> 
     </span>
     <span class='ocr_line' id='line_1_25' title="bbox 190 3028 1322 3118; baseline 0.009 -26"><span class='ocrx_word' id='word_1_153' title='bbox 190 3028 304 3094; x_wconf 83' lang='lat' dir='ltr'>Aesch.</span> <span class='ocrx_word' id='word_1_154' title='bbox 314 3030 424 3117; x_wconf 78' lang='lat' dir='ltr'>Suppl.</span> <span class='ocrx_word' id='word_1_155' title='bbox 436 3035 510 3097; x_wconf 78' lang='lat'>796:</span> <span class='ocrx_word' id='word_1_156' title='bbox 519 3034 581 3097; x_wconf 82' lang='lat'>806</span> <span class='ocrx_word' id='word_1_157' title='bbox 595 3030 702 3116; x_wconf 74' lang='grc' dir='ltr'><em>γυπιοῖς</em></span> <span class='ocrx_word' id='word_1_158' title='bbox 714 3030 818 3117; x_wconf 76' lang='grc' dir='ltr'><em>πίτρα,</em></span> <span class='ocrx_word' id='word_1_159' title='bbox 830 3031 917 3115; x_wconf 74' lang='grc' dir='ltr'>βαθῦ</span> <span class='ocrx_word' id='word_1_160' title='bbox 930 3037 1042 3114; x_wconf 70' lang='grc' dir='ltr'><em>πταῖμα</em></span> <span class='ocrx_word' id='word_1_161' title='bbox 1052 3033 1250 3118; x_wconf 83' lang='grc' dir='ltr'><em>μαρτυροῦσά</em></span> <span class='ocrx_word' id='word_1_162' title='bbox 1261 3061 1322 3116; x_wconf 82' lang='grc' dir='ltr'><em>μοι.</em></span> 
     </span>
     <span class='ocr_line' id='line_1_26' title="bbox 519 3134 1319 3222; baseline 0.001 -21"><span class='ocrx_word' id='word_1_163' title='bbox 519 3143 582 3203; x_wconf 81' lang='lat' dir='ltr'>ant.</span> <span class='ocrx_word' id='word_1_164' title='bbox 606 3135 725 3201; x_wconf 74' lang='grc' dir='ltr'><em>ἐλθέτω</em></span> <span class='ocrx_word' id='word_1_165' title='bbox 740 3134 842 3221; x_wconf 81' lang='grc' dir='ltr'><em>μόρος,</em></span> <span class='ocrx_word' id='word_1_166' title='bbox 858 3136 916 3219; x_wconf 87' lang='grc' dir='ltr'>πρὸ</span> <span class='ocrx_word' id='word_1_167' title='bbox 929 3141 1028 3215; x_wconf 86' lang='grc' dir='ltr'><em>κοίτας</em></span> <span class='ocrx_word' id='word_1_168' title='bbox 1044 3138 1193 3222; x_wconf 78' lang='grc' dir='ltr'><em>γαμηλίου</em></span> <span class='ocrx_word' id='word_1_169' title='bbox 1209 3136 1319 3222; x_wconf 87' lang='grc' dir='ltr'><em>τυχών.</em></span> 
     </span>
    </p>
   </div>
   <div class='ocr_carea' id='block_1_5' title="bbox 648 3671 863 3910">
    <p class='ocr_par' dir='ltr' id='par_1_8' title="bbox 648 3671 863 3910">
     <span class='ocr_line' id='line_1_27' title="bbox 648 3671 863 3738; baseline 0.005 -1"><span class='ocrx_word' id='word_1_170' title='bbox 648 3672 794 3738; x_wconf 70' lang='lat' dir='ltr'>orror</span> <span class='ocrx_word' id='word_1_171' title='bbox 822 3671 863 3738; x_wconf 85' lang='lat' dir='ltr'>n.</span> 
     </span>
     <span class='ocr_line' id='line_1_28' title="bbox 718 3829 793 3910; baseline 0.027 -18"><span class='ocrx_word' id='word_1_172' title='bbox 718 3829 793 3910; x_wconf 66' lang='lat' dir='ltr'>gc.</span> 
     </span>
    </p>
   </div>
   <div class='ocr_carea' id='block_1_6' title="bbox 188 3967 1320 4475">
    <p class='ocr_par' dir='ltr' id='par_1_9' title="bbox 188 3967 1320 4262">
     <span class='ocr_line' id='line_1_29' title="bbox 288 3967 1320 4053; baseline -0.001 -21"><span class='ocrx_word' id='word_1_173' title='bbox 288 3967 449 4051; x_wconf 76' lang='lat' dir='ltr'>Absolute</span> <span class='ocrx_word' id='word_1_174' title='bbox 475 3991 513 4033; x_wconf 91' lang='lat' dir='ltr'>eo</span> <span class='ocrx_word' id='word_1_175' title='bbox 532 3989 691 4053; x_wconf 82' lang='lat' dir='ltr'>syncopae</span> <span class='ocrx_word' id='word_1_176' title='bbox 713 3990 845 4051; x_wconf 84' lang='lat' dir='ltr'>genero,</span> <span class='ocrx_word' id='word_1_177' title='bbox 868 3990 931 4052; x_wconf 92' lang='lat' dir='ltr'>quo</span> <span class='ocrx_word' id='word_1_178' title='bbox 955 3969 1032 4032; x_wconf 85' lang='lat' dir='ltr'>orsis</span> <span class='ocrx_word' id='word_1_179' title='bbox 1052 3988 1222 4052; x_wconf 85' lang='lat' dir='ltr'>suppressa</span> <span class='ocrx_word' id='word_1_180' title='bbox 1237 3968 1320 4032; x_wconf 92' lang='lat' dir='ltr'>thesi</span> 
     </span>
     <span class='ocr_line' id='line_1_30' title="bbox 188 4073 1319 4158; baseline -0.001 -21"><span class='ocrx_word' id='word_1_181' title='bbox 188 4092 246 4154; x_wconf 90' lang='lat' dir='ltr'>per</span> <span class='ocrx_word' id='word_1_182' title='bbox 268 4079 360 4155; x_wconf 76' lang='grc' dir='ltr'><em>τονῆς</em></span> <span class='ocrx_word' id='word_1_183' title='bbox 383 4074 549 4137; x_wconf 83' lang='lat' dir='ltr'>artificium</span> <span class='ocrx_word' id='word_1_184' title='bbox 573 4074 766 4158; x_wconf 81' lang='lat' dir='ltr'>amplificata</span> <span class='ocrx_word' id='word_1_185' title='bbox 790 4078 1021 4157; x_wconf 82' lang='lat' dir='ltr'>compensatur,</span> <span class='ocrx_word' id='word_1_186' title='bbox 1043 4073 1104 4135; x_wconf 86' lang='lat' dir='ltr'>iam</span> <span class='ocrx_word' id='word_1_187' title='bbox 1121 4078 1319 4137; x_wconf 83' lang='lat' dir='ltr'>transeamus</span> 
     </span>
     <span class='ocr_line' id='line_1_31' title="bbox 190 4174 1142 4262; baseline -0.002 -24"><span class='ocrx_word' id='word_1_188' title='bbox 190 4174 230 4238; x_wconf 85' lang='lat' dir='ltr'>ad</span> <span class='ocrx_word' id='word_1_189' title='bbox 254 4176 398 4257; x_wconf 84' lang='lat' dir='ltr'>alterum,</span> <span class='ocrx_word' id='word_1_190' title='bbox 423 4199 485 4262; x_wconf 91' lang='lat' dir='ltr'>quo</span> <span class='ocrx_word' id='word_1_191' title='bbox 509 4178 677 4261; x_wconf 87' lang='lat' dir='ltr'>rhythmus</span> <span class='ocrx_word' id='word_1_192' title='bbox 699 4197 801 4241; x_wconf 84' lang='lat' dir='ltr'>vacuo</span> <span class='ocrx_word' id='word_1_193' title='bbox 826 4183 968 4261; x_wconf 90' lang='lat' dir='ltr'>tempore</span> <span class='ocrx_word' id='word_1_194' title='bbox 991 4180 1142 4240; x_wconf 82' lang='lat' dir='ltr'>servatur.</span> 
     </span>
    </p>

    <p class='ocr_par' dir='ltr' id='par_1_10' title="bbox 191 4280 1319 4475">
     <span class='ocr_line' id='line_1_32' title="bbox 291 4280 1319 4367; baseline -0.005 -21"><span class='ocrx_word' id='word_1_195' title='bbox 291 4280 388 4346; x_wconf 73' lang='lat' dir='ltr'>Cuius</span> <span class='ocrx_word' id='word_1_196' title='bbox 411 4283 539 4367; x_wconf 84' lang='lat' dir='ltr'>generis</span> <span class='ocrx_word' id='word_1_197' title='bbox 562 4289 593 4346; x_wconf 87' lang='lat' dir='ltr'>et</span> <span class='ocrx_word' id='word_1_198' title='bbox 617 4283 671 4367; x_wconf 91' lang='lat' dir='ltr'>qui</span> <span class='ocrx_word' id='word_1_199' title='bbox 700 4302 860 4366; x_wconf 90' lang='lat' dir='ltr'>syncopae</span> <span class='ocrx_word' id='word_1_200' title='bbox 886 4283 989 4364; x_wconf 86' lang='lat' dir='ltr'>legem</span> <span class='ocrx_word' id='word_1_201' title='bbox 1020 4281 1111 4364; x_wconf 92' lang='lat' dir='ltr'>primi</span> <span class='ocrx_word' id='word_1_202' title='bbox 1141 4284 1319 4343; x_wconf 84' lang='lat' dir='ltr'>statuerunt</span> 
     </span>
     <span class='ocr_line' id='line_1_33' title="bbox 191 4383 1318 4475; baseline 0.001 -27"><span class='ocrx_word' id='word_1_203' title='bbox 191 4391 222 4448; x_wconf 89' lang='lat' dir='ltr'>et</span> <span class='ocrx_word' id='word_1_204' title='bbox 244 4386 296 4471; x_wconf 91' lang='lat' dir='ltr'>qui</span> <span class='ocrx_word' id='word_1_205' title='bbox 319 4391 392 4470; x_wconf 91' lang='lat' dir='ltr'>post</span> <span class='ocrx_word' id='word_1_206' title='bbox 415 4407 469 4451; x_wconf 89' lang='lat' dir='ltr'>eos</span> <span class='ocrx_word' id='word_1_207' title='bbox 490 4387 533 4454; x_wconf 86' lang='lat' dir='ltr'>dc</span> <span class='ocrx_word' id='word_1_208' title='bbox 553 4387 697 4454; x_wconf 86' lang='lat' dir='ltr'>versibus</span> <span class='ocrx_word' id='word_1_209' title='bbox 713 4388 896 4475; x_wconf 83' lang='lat' dir='ltr'>syncopatis</span> <span class='ocrx_word' id='word_1_210' title='bbox 912 4386 1134 4466; x_wconf 82' lang='lat' dir='ltr'>disseruerunt,</span> <span class='ocrx_word' id='word_1_211' title='bbox 1159 4383 1216 4449; x_wconf 90' lang='lat' dir='ltr'>etsi</span> <span class='ocrx_word' id='word_1_212' title='bbox 1232 4405 1318 4450; x_wconf 89' lang='lat' dir='ltr'>men·</span> 
     </span>
    </p>
   </div>
   <div class='ocr_carea' id='block_1_7' title="bbox 0 0 1524 5010">
    <p class='ocr_par' dir='ltr' id='par_1_11' title="bbox 0 0 1524 5010">
     <span class='ocr_line' id='line_1_34' title="bbox 0 0 1524 5010; baseline 0 1"><span class='ocrx_word' id='word_1_213' title='bbox 0 0 1524 5010; x_wconf 95' lang='lat' dir='ltr'> </span> 
     </span>
    </p>
   </div>
  </div>
 </body>
</html>
