3038 5010
767 312 810 379 84

268 526 320 592 55.
368 524 544 607 Tragici,
576 543 771 605 quamquam
800 527 835 590 in
864 525 999 592 articuli
1021 543 1083 591 usu
1106 524 1203 592 valde
1226 545 1247 592 a
1271 524 1410 593 comicis

181 633 353 699 discedunt
387 631 481 717 (vide
513 631 649 699 Ellendt
683 633 762 698 Lex.
788 633 885 714 Soph.
917 653 949 715 p.
973 633 1038 699 483
1062 632 1162 715 sqq.),
1198 638 1309 699 tamen
1343 633 1411 715 ipsi

180 758 307 820 quoque
341 739 514 821 permultis
548 738 630 804 locis
664 739 748 803 nihil
784 739 874 805 aliud
908 740 972 805 nisi
1007 745 1145 805 metrum
1183 745 1409 822 respexerunt.

178 847 345 913 Nonnulla
369 866 386 911 e
409 845 522 912 multis
546 844 705 926 exemplis
735 844 848 912 affero.
902 846 1040 928 Saepius
1068 846 1123 912 vel
1153 845 1410 912 concinnitatem

178 954 312 1020 laedere
335 973 400 1019 non
422 955 621 1020 verebantur
645 951 786 1019 articulo
811 952 930 1020 omisso
955 953 1059 1020 velut:

170 1112 173 1116 '
268 1097 365 1180 Soph.
383 1096 436 1185 El.
455 1097 528 1161 265.
561 1095 697 1180 λαβεῖν
720 1092 881 1178 θ’όμοίως
904 1096 959 1162 καὶ
982 1092 1024 1161 τό
1048 1098 1225 1184 τηθοῖσθαι
1248 1093 1353 1162 πόλει.

432 1202 527 1268 1023.
561 1199 632 1266 αλλ’
656 1193 675 1289 ἦ
698 1199 819 1290 φύσιν
842 1225 886 1287 με,
910 1199 977 1269 τόν
1000 1200 1037 1269 δὲ
1061 1206 1137 1269 νοῦν
1161 1201 1271 1293 ἥσσων
1293 1198 1378 1271 τότε.

269 1311 388 1376 Trach.
406 1311 481 1375 929:
558 1306 618 1374 κάν
643 1297 669 1394 ᾦ
691 1306 733 1374 τό
756 1314 845 1376 κεῖσε
869 1306 985 1398 δεῦρό
1009 1307 1037 1374 τ’
1053 1307 1284 1400 ἐξορμώμεθα,

386 1417 480 1483 1068.
559 1415 590 1481 εἰ
611 1413 748 1499 τούμόν
772 1414 881 1500 α’λγεῖς
904 1417 1029 1500 μᾶλλον
1053 1413 1072 1507 ἢ
1095 1416 1228 1506 κείνης
1251 1414 1348 1507 δρῶν,

268 1525 353 1589 Phil.
371 1523 483 1610 963f4.
553 1523 586 1588 τί
610 1525 757 1611 δρῶμενς
780 1522 814 1589 ἐν
839 1525 892 1590 σοὶ
915 1525 970 1591 καὶ
993 1521 1032 1589 τό
1059 1524 1155 1590 πλεῖν
1178 1522 1275 1612 ἡμᾶς,
1298 1520 1393 1608 δόναξ,

553 1627 614 1718 ἤδη
631 1628 702 1696 ἐστὶ
724 1631 780 1697 καὶ
802 1636 873 1706 τοῖς
896 1632 1003 1697 τοῦδε·
1016 1637 1266 1720 προσχωρεῖν
1288 1628 1408 1717 λόγοις,

269 1739 348 1806 Oed.
361 1741 400 1804 R.
416 1739 526 1812 62617.
553 1735 592 1803 οδ
614 1737 676 1825 γάρ
698 1735 884 1825 φρονοῦντά
908 1729 975 1804 σἐό
989 1735 1112 1823 βλέπω.
1125 1778 1149 1786 -
1165 1737 1208 1805 τὸ
1223 1740 1301 1824 γοῦν
1317 1735 1407 1822 ἐμόν,

600 1841 670 1910 ἀλλ’
693 1843 728 1929 ἐξ
751 1846 826 1911 ἰ’σσυ
850 1847 902 1910 δεῖ
923 1842 1056 1928 κάμόν.

268 1953 346 2024 Oea
364 1953 431 2020 001.
451 1953 523 2018 782.
557 1948 653 2036 λόγῳ
677 1950 737 2034 μὲν
761 1949 878 2030 ἐσθλά,
902 1957 1008 2017 τοῖσι
1032 1949 1206 2040 δ’ἔργοισιν
1228 1949 1322 2032 κακά,

394 2058 527 2134 131314.
706 2112 711 2123 .
739 2112 745 2123 .
773 2111 778 2123 .
933 2056 978 2125 τά
1002 2062 1119 2147 πρῶτα
1142 2058 1202 2142 μὲν

482 2163 573 2254 δόρει
596 2163 774 2253 κρατύνων,
798 2169 934 2254 πρῶτα
963 2163 1119 2232 δσῖωνιῦν
1142 2164 1245 2243 ὁδοῖς.

267 2277 346 2340 Eur.
365 2274 495 2340 Heraol.
513 2274 588 2339 476.
627 2274 755 2354 γυναικὶ
785 2269 846 2361 γάρ
878 2271 965 2362 σιμή
995 2298 1031 2339 τε
1062 2273 1117 2339 καὶ
1147 2270 1191 2341 τό
1222 2278 1407 2362 σωφρονεῖν

673 2377 856 2446 κάλλιστον’.

267 2489 390 2554 Phoen.
406 2485 518 2562 47314.
618 2485 679 2572 ἐγώ
703 2486 740 2553 δὲ
763 2486 891 2576 πατρὸς
919 2484 1081 2570 δωμάτων
1108 2484 1375 2576 προυσκεψάμην

620 2591 764 2677 τούμόν
787 2618 823 2659 τε
846 2594 901 2659 καὶ
925 2591 1035 2661 τοῦδ’
1060 2647 1066 2662 .
1093 2646 1100 2661 .
1127 2646 1134 2662 .

408 2701 519 2775 49516.
685 2753 690 2764 .
717 2753 723 2764 .
751 2753 756 2764 .
921 2696 1004 2765 άλλοῖ
1027 2701 1083 2766 καὶ
1107 2704 1248 2788 σοφοῖς

616 2808 671 2873 καὶ
694 2812 802 2873 τοῖσι
826 2804 968 2894 φαύλοις
991 2804 1095 2888 ἔνδιχ’
1120 2860 1127 2875 .
1153 2859 1160 2874 .
1187 2860 1194 2874 .

269 3007 321 3072 56.
361 3005 466 3071 iidem
489 3005 523 3069 in
548 3005 659 3070 multis
683 3004 761 3070 aliis
784 3004 1004 3070 locutionibus
1028 3004 1204 3070 articulum
1231 3004 1326 3070 modo
1349 3022 1408 3086 po-

180 3119 329 3195 suerunt,
359 3113 453 3178 modo
478 3112 672 3193 omiserunt,
703 3117 800 3193 prout
823 3117 961 3176 metrum
985 3112 1184 3192 postulabat.
1231 3111 1286 3177 Ex
1308 3110 1409 3177 Euri·

180 3220 269 3300 pidis
293 3219 474 3301 tragoediis
497 3219 655 3284 nonnulla
680 3218 829 3300 exempla
852 3218 970 3284 affero:
1013 3237 1016 3244 ·

269 3345 341 3427 lph.
359 3345 433 3410 Aul.
452 3347 504 3426 99,
521 3345 596 3410 456.
629 3340 713 3431 πρὸς
737 3340 891 3432 δάμαρτα
914 3339 982 3431 τὴν
1006 3340 1097 3429 ἐμὴν,

364 3459 399 3516 at
422 3452 501 3517 ibid.
522 3452 594 3516 104.
627 3449 711 3539 πρὸς
735 3447 876 3538 δάμαρτ’
900 3447 1005 3538 ε’μὴν.

499 3559 594 3623 1262.
627 3554 683 3623 διὰ
708 3556 750 3622 σὲ
772 3558 835 3623 καὶ
858 3556 950 3633 τοὺς
974 3553 1052 3633 σοὺς
1074 3554 1209 3642 γάμους,

436 3671 472 3731 at
497 3665 591 3730 1165.
624 3665 702 3752 περὶ
734 3663 776 3730 σὲ
805 3665 868 3730 καὶ
900 3661 1061 3747 δόμους,
1092 3665 1156 3730 883
1189 3661 1239 3740 εἰς
1271 3662 1312 3729 σὲ
1343 3663 1411 3731 καλ

675 3768 744 3859 σὴν
768 3773 884 3838 παῖδα.

271 3881 458 3962 Ιρ6,;,Τοοε.
477 3880 551 3945 765.
583 3876 623 3943 τί
652 3881 747 3961 σῶμα
772 3876 890 3954 σώσας,

419 3992 454 4051 at
478 3987 551 4050 757.
586 3987 693 4067 σῶμα
718 3982 880 4050 δ’ἕκσώσω
903 3982 1013 4068 μόνον.

270 4108 447 4212 Pennultis
476 4147 558 4213 loeis
587 4147 622 4211 in
649 4146 720 4228 lph.
742 4147 839 4211 Taur.
865 4165 976 4212 vocem
1006 4143 1108 4227 ξένοι,
1129 4170 1206 4210 -ων
1234 4150 1294 4210 eto.
1335 4164 1411 4211 cum

183 4253 322 4319 articulo
347 4253 554 4319 coniunctum
578 4253 775 4319 invenimus:
812 4274 842 4318 v.
869 4253 947 4334 310,
973 4254 1052 4334 342,
1077 4253 1158 4334 468,
1184 4252 1285 4335 1154,
1312 4252 1410 4335 1178,

185 4360 396 4443 1188‚1204,
421 4361 505 4426 1205
531 4366 590 4425 etc.
638 4360 701 4426 Sed
725 4359 890 4424 nonnullis
913 4359 996 4423 locis
1020 4358 1179 4429 articulus
1204 4359 1296 4424 deest
1317 4358 1413 4425 vidc-

181 4467 260 4532 lieet
289 4468 386 4532 metri
411 4487 525 4532 causa:
