3038 5010
601 393 820 458 ,16-

117 567 260 659 Ἤρησεν,
293 572 409 660 ἐφθάρη
433 572 537 656 ἦλθεν,
570 571 637 635 ὅθεν
661 572 707 634 καί
732 572 766 634 τύ
790 574 965 658 είαηρρησαν
985 569 1037 656 (cf.
1052 570 1306 659 Aristophanis

123 675 300 744 Ranarum
315 699 347 744 v.
360 699 373 743 1
387 699 459 764 ¹92:
488 678 534 752 ὡς
550 678 688 762 Πόλυβον
704 681 843 764 ἤρρησεν,
861 690 920 744 aut
932 675 1104 765 Euripidis
1118 676 1299 766 Hippolyti

326 789 355 805 ορ

123 805 246 872 u.973:
271 783 371 872 ἔξερρε
395 788 483 869 ηαίας
511 784 617 872 „pack
642 783 719 850 dich
745 783 867 850 hinaus
891 805 954 852 aus
972 783 1050 851 dem
1069 783 1202 862 Laude,
1226 784 1298 872 geli

123 913 200 957 zum
225 889 391 971 Tenem.
440 889 578 975 Quibus
610 913 653 958 ex
684 890 768 958 locis
800 891 866 957 hoc
900 892 1046 958 verbum
1079 912 1219 979 semper
1253 890 1306 957 in·-
1405 920 1408 925 ·

122 995 300 1064 transitive
316 997 475 1085 usurpari
493 995 661 1065 videmus.
709 996 815 1082 Quod
833 1009 946 1064 autem
966 997 1032 1064 hoc
1053 997 1130 1064 loco
1149 997 1296 1065 verbum

122 1103 336 1172 transitivum
362 1104 537 1192 poscimus
555 1116 588 1170 et
606 1104 720 1171 ultima
741 1104 877 1192 syllaba
900 1103 1001 1171 huius
1020 1103 1162 1171 trimetri
1187 1105 1304 1186 deest.

122 1233 165 1278 eo
191 1210 449 1278 demonstratur
473 1211 678 1278 mendosum
705 1233 783 1278 esse
802 1233 953 1283 versum.
1002 1210 1122 1298 ltaque
1145 1209 1296 1292 Brunck,

123 1340 225 1407 quem
261 1339 399 1406 sequar,
434 1317 577 1384 coniecit
608 1317 750 1406 ἐξώρισαν
782 1341 815 1384 v.
839 1318 859 1384 l.
888 1316 955 1399 „sie
980 1316 1101 1405 jagten
1127 1339 1190 1385 aus
1215 1317 1295 1384 dem

121 1423 273 1505 Landel,
300 1436 332 1490 et
354 1425 521 1512 syllabam
548 1446 637 1512 quae
654 1423 771 1492 versui
795 1425 905 1506 deest,
930 1425 1067 1513 supplet
1083 1425 1194 1491 verbo
1218 1427 1304 1490 unt--

121 1555 199 1616 μενοι
223 1553 287 1619 pro
311 1534 471 1616 θέμενοιίί.

209 1744 375 1832 Agedum
400 1745 550 1812 animum
581 1745 749 1812 advertite
774 1747 816 1812 ad
842 1757 1084 1828 argumentum
1105 1744 1294 1824 Ranarum,

121 1920 216 1989 cuius
240 1921 357 1989 titulus
381 1922 414 1989 in
440 1924 558 1991 codice
576 1924 607 2029 l}
624 1937 677 1992 est
700 1929 916 2014 ἀριστοιράνοος
940 1871 957 1988 ii
981 1874 1091 2014 βατρύ;
1116 1925 1147 1992 in
1174 1918 1294 1993 codice

119 2027 165 2094 V:
191 2029 299 2104 ύίλλως
330 2031 469 2106 ὑπόθεσις
494 2033 608 2121 βατραχ
632 2036 783 2121 ἀριστοφά.
830 2030 901 2101 Sed
927 2032 971 2098 (le
996 2031 1099 2100 titulis
1122 2033 1226 2121 paulo
1249 2032 1302 2099 in—

119 2135 170 2202 fra
194 2136 293 2223 plura
317 2137 471 2204 dicturus
495 2159 583 2205 sum.

333 2315 448 2379 Μαθὼν
471 2317 538 2405 παρ’
565 2317 749 2405 Ἡρακλέους
774 2321 914 2392 Διόνυσος
938 2319 993 2404 τὴν
1017 2319 1080 2382 ύθύν

331 2424 406 2510 πρὸς
430 2423 504 2498 τούς
527 2428 756 2511 κατοιχομένους
780 2427 932 2513 πορεύεται
955 2423 1074 2509 λαβὼν

331 2531 364 2592 τὸ
388 2533 479 2618 δέρμα
502 2533 548 2594 καί
574 2533 607 2595 τύ
632 2533 778 2595 σκύταλον
802 2536 953 2616 ἁναηαηείν
976 2533 1076 2596 θέλων

332 2639 500 2726 Εὐριπίδην·
525 2640 631 2722 λίμνην
655 2662 687 2702 τε
711 2640 850 2721 titana
874 2649 955 2702 κάτω

290 2767 302 2804 ο
331 2746 378 2807 καί
402 2752 461 2807 των
486 2746 643 2834 βατράχων
668 2751 824 2834 ἀνέκραγεν
848 2748 985 2834 εὔφημος
1008 2751 1111 2834 χορός,

331 2854 429 2915 ἔπειτα
452 2861 570 2936 μυστῶν
595 2853 711 2939 ε’κθοχη,
759 2853 904 2917 Πλούτων
927 2852 951 2917 θ’
977 2853 1044 2917 ἰθύν

329 2958 375 3032 ὡς
398 2958 535 3046 Ἠρακλεῖ
558 2964 751 3047 προσέκρουσε
775 2962 819 3023 bru
843 2962 892 3024 τύν
917 2960 1074 3048 Κέρβερον.

329 3066 375 3139 ὡς
399 3064 423 3130 θ’
450 3070 590 3154 ἀνεφάνη,
616 3069 727 3130 τίθεται
751 3070 917 3155 τραηῳύίας
941 3071 1029 3150 ἀγών,

329 3174 375 3236 καί
398 3174 433 3258 θη
459 3181 651 3261 στεφανοῦται
676 3172 701 3257 η’
729 3176 894 3261 Αἰσχύλος·
920 3181 1024 3236 τοῦτον
1047 3173 1072 3236 θ’
1098 3173 1160 3257 α’ίηει

276 3303 302 3339 ιο
330 3282 470 3354 Διόνυσος
493 3282 527 3354 ές
552 3288 630 3367 φὼς,
656 3282 719 3367 ούχί
758 3283 798 3363 μιί
823 3280 864 3344 Δι’
891 3282 1055 3368 Εὐριπίδην,

205 3421 239 3509 3)
265 3421 399 3488 Omnes
417 3422 556 3489 codices
581 3425 749 3511 praebent
773 3427 903 3507 ἀνάηειν;
929 3423 995 3489 hoc
1019 3443 1139 3488 errore
1162 3420 1294 3489 librarii·

115 3527 211 3594 facile
235 3527 388 3614 irrepere
412 3529 522 3616 potuit
547 3551 610 3616 pro
635 3535 795 3614 ἀναηαηεῖν,
826 3529 920 3617 quod
945 3527 1121 3617 poscimus
1146 3539 1299 3616 propter·

115 3647 263 3701 metrum
288 3648 321 3701 et
346 3637 410 3701 iam
436 3635 575 3703 Brunck
599 3659 663 3704 suo
688 3636 762 3702 iure
787 3636 894 3702 textui
917 3634 1046 3705 indidit.

204 3743 237 3826 6)
261 3742 459 3808 Notandum
495 3756 547 3809 est
578 3742 609 3810 in
642 3744 707 3810 hoc
732 3765 837 3809 versu
863 3755 1039 3809 auctorem
1065 3740 1190 3808 afferre
1214 3740 1288 3807 Plu·

117 3859 233 3914 tonem
258 3871 322 3937 pro
348 3850 478 3930 Aeac0,
505 3872 581 3916 cum
607 3850 638 3916 in
664 3850 776 3917 fabula
801 3848 1058 3936 Aristophanea
1083 3870 1152 3915 non
1175 3847 1295 3928 Pluto,.

114 3957 175 4022 sed
203 3957 342 4023 Aeacus
372 3956 510 4023 obviam
544 3970 598 4023 eat
623 3956 761 4024 Baccho
786 3970 819 4023 et
845 3957 943 4023 Pluto
968 3959 1044 4025 solo
1069 3957 1100 4024 in
1127 3955 1219 4023 exitu
1243 3954 1296 4022 l·-

114 4062 215 4129 bulae
240 4063 271 4129 in
297 4085 456 4130 scaenam
483 4065 639 4150 prodeat.
687 4063 759 4131 Sed
785 4065 849 4130 iam
875 4065 1058 4132 scholiasta
1077 4065 1219 4131 adnotat
1243 4062 1286 4130 ad

205 4243 224 4311 ¹)
245 4244 424 4300 Rutherford
444 4244 543 4299 scribit
564 4245 729 4315 ἐξεωρταααν.
751 4248 829 4315 quod
845 4246 967 4299 verbum
983 4245 1101 4299 omnino
1121 4262 1179 4299 non
1197 4251 1286 4299 extat.
