3038 5010
658 450 750 534 [119]
1231 462 1267 522 41

132 646 215 711 Eur.
239 643 336 709 Herc.
360 646 419 707 921
454 641 557 725 [le'ya]
590 641 667 725 atys,
697 644 763 706 τίνα
796 642 908 726 τρόπον
927 647 931 726 Ι
953 645 1058 727 (ἔσυτο
1082 646 1198 712 θεόθεν
1224 652 1272 714 ἐπὶ

544 745 689 826 μέλαθρα
712 745 788 811 naua
811 745 884 812 τάδε

445 849 590 930 τλάμονὲς
609 852 614 932 Ι
635 876 667 914 τε
691 852 805 914 παίδων
829 850 915 935 τύχαι
923 853 959 936 ,·),

126 959 188 1023 ubi
210 956 279 1039 λέγε
300 956 441 1021 Dindori
461 955 501 1019 ad
527 954 723 1039 explendum
746 955 927 1020 dochmium
949 960 1109 1043 repetivit.

174 1061 178 1068 ’
237 1060 300 1126 sed
323 1066 458 1144 possunt
485 1060 665 1124 etiamalio
690 1060 785 1124 modo
810 1080 918 1125 versus
945 1062 977 1125 in
1006 1070 1144 1127 metrum
1175 1063 1271 1129 doch-

131 1167 272 1230 miacum
287 1165 401 1248 redigi.
433 1163 512 1228 Cum
529 1163 732 1247 exploratum
755 1163 795 1228 sit
818 1165 1022 1248 stropharum
1044 1166 1140 1231 huius
1158 1169 1272 1232 cantici

128 1272 238 1336 lacera
260 1290 331 1335 esse
354 1269 520 1351 membra,¹
540 1268 643 1355 possis
668 1270 763 1333 etiam
779 1276 894 1353 putare
916 1270 1025 1354 plures
1042 1271 1180 1355 syllabas
1197 1281 1272 1338 ante

131 1372 200 1456 λέγι
230 1373 426 1439 intercidisse
457 1374 517 1453 ita,
546 1380 582 1455 ut
610 1373 711 1456 prima
742 1374 836 1437 huius
866 1375 954 1438 vocis
984 1375 1107 1459 syllaba
1137 1397 1202 1440 non
1230 1378 1270 1442 sit

128 1478 263 1544 theseos
279 1479 405 1563 primae
428 1478 553 1542 solutae
575 1477 679 1541 brevis
704 1476 814 1548 altera,
838 1477 893 1541 sed
909 1479 987 1542 arsis
1004 1478 1144 1543 secunda
1160 1500 1270 1546 versus

129 1582 318 1647 dochmiaci.
363 1581 516 1647 Fortasse
540 1580 728 1645 exciderunt
751 1581 859 1659 uerba,
890 1582 1004 1666 quibus
1027 1590 1062 1647 ut
1094 1585 1270 1662 „celeritea

132 1709 229 1773 quam
252 1686 435 1752 5515511515ιι
461 1691 587 1750 enarret
610 1686 740 1749 nuntius
760 1708 779 1749 a
797 1686 894 1749 choro
911 1693 1068 1769 monetur,
1086 1687 1171 1772 quod
1186 1688 1271 1753 idem

130 1790 271 1876 exempli
295 1791 397 1875 gratia
418 1791 455 1854 fit
469 1790 539 1875 lph.
556 1790 628 1853 Aul.
647 1793 740 1872 1539,
756 1790 811 1854 ubi
827 1791 875 1854 his
891 1791 996 1856 uerbis
1013 1791 1268 1873 Clytaemnestra

131 1897 290 1974 nuntium,
312 1900 348 1958 ut
371 1895 517 1959 celeriter
539 1900 656 1975 narret,
677 1895 829 1976 impellit:
854 1891 899 1977 μή
927 1892 1019 1975 μέλλε
1052 1896 1162 1972 τοίνυν,
1193 1893 1271 1960 allai

130 1998 222 2084 φράζ’
245 1998 316 2064 ὅσον
337 1997 438 2082 τάχος.
484 1998 589 2064 Metro
614 1998 762 2062 convenit
785 1996 835 2060 διὰ
859 1996 980 2081 τοίχους,
1008 1999 1094 2084 quod
1118 2007 1150 2065 et
1173 1999 1270 2086 Sopb.

130 2103 184 2168 Αἰ.
207 2105 270 2168 822
294 2109 325 2167 51
346 2102 458 2168 Τι551ι.
483 2105 545 2168 595
576 2111 607 2168 51
636 2103 706 2167 aliie
738 2103 874 2166 occurrit
896 2102 983 2178 locis,
1010 2104 1063 2168 vel
1093 2102 1138 2167 ὅτι
1167 2101 1268 2188 τάχος,

132 2207 218 2294 quod
235 2206 409 2292 Sophocles
432 2207 556 2292 scripsit
578 2208 610 2271 in
633 2207 766 2292 stropha
782 2207 968 2271 dochmiaca
984 2207 1060 2271 Ant.
1078 2209 1160 2271 1323
1178 2204 1268 2290 ἄνετε

129 2310 162 2392 μ’
183 2309 228 2375 ὅτι
252 2311 354 2395 τάχος,
375 2308 467 2394 ἄνετε
482 2311 515 2392 μ’
531 2307 675 2376 ἐκποδών.
720 2311 891 2377 Praestare
916 2317 1023 2376 tamen
1044 2312 1120 2375 mihi
1144 2310 1269 2376 videtur

129 2416 278 2502 repetitio
300 2415 478 2500 imperativi
494 2413 569 2496 λέγε,
593 2414 648 2480 sed
663 2416 708 2479 ita
725 2415 848 2494 effecta,
873 2422 908 2478 ut
923 2438 988 2481 uno
1005 2415 1112 2496 verbo,
1132 2415 1268 2479 fortasse

129 2518 232 2602 τάχος,
255 2519 336 2586 alter
359 2520 400 2584 ab
423 2519 524 2584 altero
546 2525 722 2605 separetur,
751 2527 789 2582 ut
818 2521 862 2587 ita
892 2521 980 2585 locus
1012 2521 1052 2586 sit
1082 2519 1268 2585 scribendus

130 2631 163 2689 et
188 2623 446 2708 distinguendus:

335 2735 402 2811 λέγε
427 2727 542 2812 [τάχος,
566 2727 659 2811 la'yel,
682 2728 760 2812 τήνα
782 2727 894 2810 τρόπον
916 2727 1003 2793 ἔσυτο
1027 2726 1101 2793 θεό-

336 2840 394 2896 θεν
416 2835 465 2896 ἐπὶ
486 2831 627 2915 μέλαθρα
650 2830 726 2896 uana
745 2838 748 2911 l
770 2831 840 2897 τάδε
863 2830 1010 2912 τλάμονές

489 2961 522 3000 τε
545 2936 659 3000 παίδων
682 2935 770 3020 τύχαι
780 2960 793 3020 ,·

232 3039 305 3105 Non
329 3040 467 3105 alienum
491 3041 617 3106 videtur
640 3041 680 3106 ab
704 3040 858 3106 hocloco
882 3062 994 3126 pauca,
1024 3062 1106 3127 quae
1135 3040 1175 3105 de
1206 3041 1266 3106 hac

128 3143 299 3209 verborum
322 3146 530 3229 repetitorum
554 3147 763 3210 collocatione
784 3144 900 3227 habeo,
923 3166 1095 3230 exponere.

230 3247 410 3335 Euripides,
440 3251 494 3334 qui
516 3251 741 3335 repetitionum
770 3251 1002 3315 rhetoricarum
1032 3250 1265 3314 amantissimus

127 3357 187 3435 est,
210 3373 282 3416 cum
305 3354 491 3439 plerumque
515 3355 779 3440 simplicissimum
802 3377 904 3439 genus
927 3354 1100 3437 adhiberet,
1126 3354 1212 3441 quod
1230 3356 1265 3421 fit

125 3477 185 3541 per
206 3457 343 3540 figuram
363 3459 585 3542 geminationis
609 3460 697 3524 verbi
720 3460 850 3524 alterius
874 3465 947 3543 post
969 3458 1128 3539 alterum,2
1157 3459 1264 3524 multis

127 3559 197 3625 aliis
219 3561 296 3626 locis
319 3562 401 3626 hanc
424 3563 557 3647 figuram
580 3563 772 3628 rhetoricam
795 3564 965 3627 artificiosa
982 3562 1152 3628 verborum
1167 3564 1263 3627 collo-

126 3663 253 3728 catione
275 3665 320 3728 ita
342 3666 485 3747 variavit,
508 3672 544 3731 ut
565 3687 629 3731 unc
645 3672 701 3730 aut
718 3667 932 3751 compluribus
948 3667 1053 3731 verbis
1068 3667 1263 3752 interpositis

125 3767 228 3832 verba
250 3770 385 3853 repetita
407 3769 595 3856 separaret.3
631 3769 668 3835 E.
692 3792 722 3855 g.
745 3793 845 3835 unum
861 3772 994 3836 verbum
1009 3771 1177 3836 intercedit
1191 3771 1261 3836 Alc.

127 3873 191 3936 252
214 3869 279 3952 boui
300 3874 432 3938 liumnov
455 3873 518 3956 ὁριό
540 3873 666 3959 σκάφος,
688 3875 761 3959 Iph.
784 3874 880 3940 Taur.
904 3878 966 3943 835
990 3875 1092 3940 ἔλιπον
1107 3873 1263 3958 ἀγκάλαισι

231 4152 709 4220 1511.191155155115-11155115151511,
723 4158 793 4208 anal.
807 4157 871 4209 Eur.
890 4174 916 4223 p.
929 4155 972 4209 61.
1000 4156 1099 4207 2velut
1113 4154 1195 4220 Hipp.
1210 4151 1261 4206 848

125 4242 155 4290 ot
171 4237 257 4292 Andr.
275 4238 327 4293 854
345 4246 425 4302 ἔλιπες
442 4246 520 4303 ἔλιπες
538 4241 566 4308 ὦ,
585 4244 635 4294 Ion
654 4242 706 4297 690
730 4245 827 4303 ἄτοπος
848 4245 936 4296 ἄτοπα
960 4242 1013 4313 γάρ,
1036 4241 1087 4294 724
1106 4245 1169 4302 bitur
1193 4244 1260 4300 ἅλιας

125 4323 143 4377 ὅ
166 4324 251 4396 πάρος.
289 4325 299 4360 ³
327 4327 381 4380 vid.
406 4328 474 4382 Lod.
498 4330 532 4383 de
551 4329 644 4399 eyter,
665 4329 698 4381 de
717 4329 928 4397 repetitionibus
949 4331 1094 4383 verborum
1112 4326 1140 4379 in
1159 4327 1260 4388 fabulis

127 4411 285 4480 Euripideis
304 4431 330 4481 p.
348 4414 373 4468 9.
