3038 5010
654 455 745 538 [147]
1089 528 1092 536 ¹
1247 461 1265 520 9

136 654 256 717 ratione
272 659 403 736 accepta
417 650 498 714 duee
515 651 587 713 illac
602 648 750 733 dipodiac
764 651 845 713 inter
860 669 894 712 se
910 670 1003 732 pares
1020 649 1089 721 sint,
1114 670 1262 712 senarum

135 758 251 822 scilicet
280 777 455 820 morarum:
485 772 609 838 *51¹*-
647 772 760 837 :5

237 947 297 1010 His
320 946 494 1011 rationibus
519 945 668 1009 commoti
691 945 863 1008 conicimus
893 945 997 1028 legem
1028 964 1190 1025 syncopae
1221 944 1265 1006 sic

136 1073 204 1117 esse
227 1050 441 1116 statuendam:

236 1155 352 1218 Arsis
375 1175 443 1238 per
467 1175 684 1238 syncopam
714 1153 879 1216 sublata
909 1158 1047 1238 potest
1076 1173 1265 1234 compca·

135 1259 216 1322 sari
239 1258 516 1342 productione
539 1258 709 1322 theseos
734 1257 914 1321 ciusdem
939 1255 1070 1340 pedis,
1101 1256 1140 1317 in
1172 1278 1263 1320 ver·

136 1363 251 1426 sibus
284 1362 512 1426 trochaicis
547 1362 860 1446 praecedentis.
894 1361 936 1424 in
970 1359 1157 1423 iambicis
1196 1381 1264 1422 se-

135 1467 309 1551 quentis.

667 1642 737 1724 ss.

239 1796 332 1860 Hanc
353 1797 433 1881 legis
456 1817 616 1882 syncopae
647 1797 926 1862 conformationem
959 1821 999 1862 ox
1027 1799 1134 1862 libello
1165 1798 1262 1863 Gold-

134 1904 301 1967 manniano
318 1902 476 1986 cognitam
492 1902 523 1964 in
541 1901 677 1965 editione
691 1903 791 1966 altera
802 1901 973 1986 Wcstphel
989 1903 1148 1986 improbat
1165 1904 1265 1967 tribus

134 2006 264 2090 prolatis
296 2005 429 2083 causis,¹
462 2024 595 2088 quarum
625 2006 757 2088 primam
788 2013 819 2068 et
849 2006 973 2070 tertiam
1003 2005 1054 2068 hic
1084 2006 1265 2070 examinare

134 2111 243 2192 liceat,
267 2109 307 2174 de
330 2109 432 2172 altera
455 2107 530 2192 quid
553 2108 592 2172 sit
614 2108 827 2186 iudicandum,
850 2109 932 2172 infra
960 2129 998 2172 ex
1022 2108 1223 2193 paragrapho
1248 2112 1265 2173 l

134 2213 309 2300 apparebit.

238 2318 408 2381 Primam
432 2317 554 2403 profert
585 2339 713 2381 causam
737 2318 926 2402 analogiam,
949 2337 1031 2400 quac
1053 2318 1133 2380 inter
1157 2339 1266 2382 versus

133 2421 284 2485 iambicos
308 2429 499 2505 syncopatos
523 2422 582 2485 vel.
607 2429 641 2484 ut
665 2424 769 2506 aptius
793 2420 923 2501 dicatur,
947 2429 1147 2505 asynartetos
1171 2424 1266 2486 inter-

136 2527 227 2590 cedat
265 2530 296 2588 et
334 2524 521 2589 trochaicos.
573 2526 615 2590 Et
652 2526 829 2590 holocleros
864 2532 895 2589 et
926 2533 1117 2609 syncopatos
1155 2547 1266 2590 versus

136 2624 287 2693 iambicos
310 2629 388 2693 nihil
412 2651 481 2694 esse
504 2631 562 2693 nisi
586 2630 762 2694 trochaicos
786 2631 932 2693 anacrusi
955 2639 1075 2694 auctas.
1121 2631 1265 2695 Eandem

135 2735 232 2819 igitur
255 2734 419 2810 rationem,
444 2755 525 2819 quae
548 2735 588 2799 sit
611 2735 693 2798 inter
714 2755 841 2798 versum
857 2734 1055 2799 holoclerum
1072 2734 1265 2798 trochaicum

135 2847 168 2903 et
194 2839 359 2903 iambicum
391 2839 534 2920 (ssus,
560 2858 635 2909 o:-
656 2876 674 2910 o
758 2845 788 2903 et
810 2857 830 2904 ῡ
851 2843 1193 2922 mmmmm)
1220 2842 1266 2904 in-

133 2942 298 3007 tercedere
330 2942 446 3008 debere
478 2945 560 3008 inter
592 2944 718 3007 eosdem
750 2965 858 3008 versus
889 2952 1083 3030 syncopatos
1113 2944 1169 3028 (-
1189 2985 1206 3014 υ
1224 2982 1264 2992 -

134 3082 267 3117 -υ-
304 3055 336 3112 et
368 3090 386 3116 t,
408 3083 539 3118 -o-
562 3049 725 3131 -o—)‚
769 3049 821 3132 qui
862 3049 906 3110 ite
948 3049 1010 3113 sint
1052 3050 1265 3113 describendi:

134 3159 833 3224 -υ-Ᾰ-υ-θῐυ-υ-ἑ-υῆ

238 3256 332 3330 Quod
355 3278 427 3320 cum
449 3264 615 3322 statueret.
638 3258 780 3342 neglexit
803 3260 967 3336 rationem,
986 3281 1081 3343 quam
1100 3260 1167 3343 ipse
1191 3258 1265 3320 olim

133 3360 299 3444 amplexus
331 3368 399 3424 erat
430 3362 460 3423 in
491 3361 539 3424 his
572 3361 745 3446 disciplinis
775 3362 947 3426 tractandis
976 3369 1007 3426 et
1038 3364 1184 3426 omnibus
1216 3385 1264 3426 se-

133 3465 291 3550 quendam
313 3471 533 3550 proposuerat,
557 3473 591 3529 ut
613 3467 689 3529 nihil
714 3473 799 3530 certo
828 3475 934 3551 posset
966 3469 1062 3531 statui
1092 3468 1150 3530 nisi
1174 3466 1265 3551 ,qnod

132 3574 258 3634 veteres
279 3568 456 3652 rhythmici,
473 3578 598 3653 praeter
614 3578 736 3634 ceteros
754 3572 806 3656 qui
822 3573 957 3656 primum
973 3572 1054 3634 inter
1071 3593 1125 3634 cos
1143 3571 1265 3636 obtinet

132 3674 239 3736 locum
262 3674 485 3753 Aristoxenus,
510 3674 558 3737 vol
582 3677 817 3759 praecepissent
840 3676 889 3738 vel
915 3676 1000 3760 quod
1026 3674 1193 3760 diligenter
1210 3698 1265 3738 ex·

132 3780 233 3841 cussis
257 3799 366 3841 eorum
390 3778 576 3841 testimoniis
599 3788 707 3864 posset
731 3781 808 3860 erui,
836 3800 944 3842 omnes
968 3786 1074 3842 autem
1099 3780 1186 3861 leges
1210 3784 1265 3840 aut

132 3903 174 3945 ex
197 3881 317 3944 recenti
340 3889 408 3944 arte
431 3881 550 3945 musica
570 3882 606 3947 iis
625 3883 775 3947 obtrusae
791 3891 846 3947 eut
862 3884 903 3946 ad
927 3883 1088 3969 propriam
1112 3891 1143 3947 et
1168 3901 1263 3967 pecu·

130 3986 241 4049 liarem
263 3985 450 4049 sententiam
473 3986 566 4050 fictae
588 3986 811 4049 abicerentur.2

237 4088 321 4152 Sane
351 4089 412 4152 ista
441 4111 645 4154 numerorum
674 4089 880 4154 iambicorum
912 4091 993 4154 ratio
1025 4086 1265 4152 accommodata

131 4200 182 4257 est
203 4191 243 4255 ad
267 4190 438 4256 hodiernae
461 4194 536 4257 artis
568 4194 706 4258 musicae
728 4200 907 4278 praecepta,
938 4193 968 4256 in
993 4214 1054 4276 qua
1083 4192 1136 4256 lex
1168 4192 1262 4271 valet,

237 4423 374 4491 2nragm.
394 4440 418 4478 u.
437 4425 532 4477 Lehrs.
553 4425 577 4477 d.
597 4441 637 4492 gr.
657 4425 784 4495 Rhythm.
804 4442 829 4497 p.
849 4425 865 4476 7
885 4427 911 4475 et
930 4421 953 4475 8.
