3038 5010
650 305 864 365 „52-

275 492 404 556 Primus
435 497 467 556 et
505 490 686 554 introduxit
715 490 748 553 in
776 489 903 554 litteras
932 490 1056 555 ionicos
1084 512 1104 555 a
1132 491 1258 557 minore
1291 496 1326 557 et

189 597 366 661 immiscuit
390 595 507 659 iambis
531 594 704 660 Alcman.
750 593 850 658 Cuius
873 595 936 659 huc
958 596 1137 681 pertinent:

698 705 736 771 fr.
760 708 800 770 87

443 806 540 900 Ἀνὴρ
564 814 598 878 d’
620 810 653 877 ἐν
676 805 861 896 ἆρμένοισιν

446 910 578 1004 ἆλιτρὸς
599 905 668 1005 ἦστ’
694 913 752 980 ἐπὶ
775 911 872 981 dolum
894 912 980 982 κατὰ
1001 914 1125 1003 πέτρας

447 1019 569 1107 bosom
595 1018 639 1106 (l)
661 1016 721 1103 μὲν
743 1011 845 1100 οὐδὲν,

448 1123 593 1190 δοκέοντι
617 1117 647 1189 d'
675 1119 827 1209 (ἐοικώς.)

277 2093 517 2158 Observatione
550 2094 777 2178 dignissimum
812 2101 878 2173 est,
915 2093 1055 2158 eundem
1090 2097 1237 2177 poetam,
1271 2088 1328 2175 qui

191 2199 297 2262 ionico
321 2199 442 2284 primus
466 2219 544 2260 usus
568 2203 628 2279 est,
653 2198 752 2262 etiam
777 2199 967 2262 catalectico
987 2196 1091 2261 forma
1113 2195 1327 2261 ioniciooffl

193 2302 318 2387 syllaba
341 2301 439 2385 longa
461 2302 494 2364 in
517 2300 641 2386 duplex
663 2308 791 2387 tempus
819 2300 977 2388 producta
1004 2321 1098 2364 usum
1127 2320 1212 2364 esso.
1256 2296 1325 2362 Ne·

193 2426 255 2490 que
271 2406 374 2489 magis
390 2405 451 2468 hoc
468 2411 519 2469 est
538 2405 787 2489 neglegendum,
810 2406 970 2469 Alcmana
985 2398 1045 2469 ὅλα
1061 2396 1194 2491 ᾄσματα
1211 2395 1328 2467 ἰωνικὰ

194 2511 362 2594 scripsisse
385 2517 468 2574 teste
485 2509 732 2596 Hephaestione
748 2532 779 2595 p.
797 2511 846 2574 38.
888 2508 1039 2572 Alcmani
1054 2509 1193 2571 ionicum
1212 2526 1327 2594 parem

194 2613 333 2676 diiambo
351 2613 451 2676 fuisse
476 2635 515 2677 eo
538 2612 790 2694 demonstratur,
814 2613 899 2696 quod
915 2633 979 2676 uuo
997 2613 1066 2676 colo
1083 2610 1258 2674 diiambum
1276 2610 1327 2673 in·

193 2723 323 2801 tegrum
337 2723 370 2782 et
383 2718 505 2780 ionicos
519 2718 686 2781 coniunxit
698 2717 734 2781 fr.
747 2720 798 2794 87,
811 2720 839 2781 2.
863 2717 1096 2800 Fragmentum
1105 2717 1145 2778 87
1155 2736 1172 2779 e
1182 2714 1327 2778 carmine

195 2821 323 2884 chorico
348 2821 404 2883 vix
427 2821 564 2906 potitum
587 2820 724 2901 videtur,
751 2820 789 2886 fr.
804 2823 844 2884 85
860 2820 936 2885 huic
953 2819 1096 2904 opinioni
1117 2839 1183 2882 non
1207 2817 1328 2898 obstat,

196 2921 342 3007 quam'vis
366 2945 409 2987 ex
433 2925 560 3008 exiguis
588 2924 736 2988 frustulis
766 2924 847 2987 nihil
871 2924 951 2988 certi
974 2922 1191 2987 demonstrari
1213 2919 1329 3007 possit.

281 3026 355 3091 Huc
378 3027 552 3092 referenda
576 3035 651 3091 sunt
673 3028 772 3092 etiam
795 3028 963 3091 Alcmauis
987 3027 1025 3091 fr.
1049 3020 1100 3092 832
1124 3028 1179 3089 84:

401 3133 584 3223 Hepcooo'r·
609 3135 649 3202 αἲ
667 3134 727 3225 γὰρ
746 3133 917 3204 Ἀπόλλων
939 3139 957 3203 ὁ
978 3134 1121 3226 Λύκηος.

398 3233 466 3304 ’lvci
489 3233 774 3324 catacumbas,
799 3230 838 3304 <tv
861 3233 931 3307 ἀπὸ
953 3236 1098 3325 μάσδων.

198 3499 424 3586 Hephaestion
447 3522 478 3586 p.
498 3503 538 3563 46
561 3501 726 3587 epionioos
747 3501 806 3564 hos
831 3522 943 3565 versus
965 3501 1120 3583 nominat,
1144 3523 1164 3566 a
1186 3500 1330 3567 diiambo

197 3599 351 3692 ἑξασήμῳ
374 3603 427 3668 vel
449 3598 631 3693 ἑπτασήμῳ
653 3605 856 3690 incipientes.
902 3605 1018 3668 Paullo
1041 3612 1114 3691 post
1133 3605 1221 3670 idem
1239 3628 1271 3693 p.
1288 3606 1330 3671 58

197 3729 312 3773 versus
337 3708 477 3772 comicos
500 3708 596 3771 huius
619 3709 743 3773 formae

506 3847 894 3884 ..............
899 3846 1023 3888 ‚vui-r

199 3924 362 4009 epionioos
380 3945 453 3988 esse
476 3925 555 3988 vult.
586 3923 701 4010 Itaque
724 3924 859 3988 dubium
883 3931 943 4006 est,
967 3946 1043 3988 num
1060 3931 1149 3989 recto
1164 3924 1331 4011 Bergkius

199 4022 355 4112 περισσόν
378 4032 487 4090 notam
516 4029 636 4092 veteris
665 4029 803 4092 alicuius
831 4030 958 4094 metrici
982 4050 1055 4094 esse
1078 4029 1258 4115 putaverit,
1289 4029 1331 4095 ab

199 4130 448 4217 Hephaestione
472 4153 537 4196 uon
558 4132 790 4219 perceptam.¹)

271 4289 291 4355 ¹)
311 4286 386 4339 Poet.
406 4286 456 4353 lyr.
476 4285 570 4339 Graec.
590 4286 628 4339 ΙΙΙ
648 4304 675 4376 p.
695 4285 735 4338 62.
773 4286 810 4339 cf.
829 4287 902 4341 infra
920 4307 946 4358 p.
965 4290 1006 4342 66.
